2502 3620
546 132 624 194 38
1293 146 1506 189 AV1AN1

1231 345 1559 423 XXXII.
1641 384 1646 389 ν

544 500 897 561 Haerentem
930 500 1085 561 luteo
1117 500 1222 560 sub
1256 503 1485 579 gurgite
1516 502 1767 561 rusticus
1804 520 1969 561 axem

629 601 919 681 linquerat
951 609 1008 662 et
1039 622 1217 664 nexos
1247 603 1319 663 ad
1351 604 1484 681 iuga
1514 584 1684 663 tarda
1710 602 1922 673 boueS‚

544 704 761 764 frustra
793 703 1087 782 dispositis
1120 705 1419 765 confidens
1451 707 1688 765 numina
1717 707 1871 765 uotis

627 805 783 866 ferre
814 808 933 866 suis
964 806 1168 877 rebuS‚
1203 826 1337 868 eum
1369 806 1680 877 resideret,
1715 826 1905 891 opem,
2185 809 2188 811 ’
2228 815 2262 862 4

544 909 637 967 eui
668 915 862 968 rector
893 911 1136 968 summis
1165 909 1505 988 Tirynthius
1534 910 1662 969 insit
1691 908 1761 968 ab
1795 909 1965 968 astris

630 1007 761 1087 (iam
793 1017 965 1069 uocat
995 1010 1152 1069 hune
1184 1008 1429 1088 subplex
1458 1012 1520 1070 in
1551 1030 1653 1072 sua
1682 1017 1816 1070 uota
1851 1009 2072 1088 deum):

545 1115 750 1189 ‘perge
781 1090 1114 1171 laborantes
1144 1110 1395 1171 stimulis
1424 1114 1645 1190 agitare
1675 1112 1984 1182 iuuenCOS,

627 1219 685 1271 et
712 1208 981 1273 manibus
1010 1214 1207 1292 pigras
1239 1212 1397 1272 disce
1425 1214 1628 1274 iuuare
1659 1221 1833 1273 rotas,
2227 1217 2260 1269 8

544 1322 680 1373 tune
711 1333 941 1394 quoque
974 1299 1360 1393 congressum
1385 1317 1723 1395 maioraque
1753 1303 1977 1375 uiribus
2007 1331 2213 1374 ausum

626 1416 712 1475 fas
742 1434 986 1495 superos
1016 1419 1224 1477 animis
1256 1416 1568 1478 conciliare
1602 1418 1732 1477 tuiS.

432 1562 455 1581 -.
542 1517 700 1577 disee
734 1525 926 1578 tamen
956 1519 1139 1597 pigris
1170 1537 1290 1578 non
1319 1519 1739 1599 sseetinumina
1772 1519 1952 1588 uotiS,

624 1626 1079 1700 praesentesque
1109 1612 1349 1690 adhibe,
1383 1639 1515 1682 eum
1546 1621 1689 1681 sacis
1718 1623 1872 1700 ipse,
1908 1620 2090 1680 deos?
2192 1627 2257 1676 12

1210 1807 1579 1883 XXXIII.

541 1962 728 2021 Anser
758 1969 882 2021 erat
912 1962 1182 2039 quoidam
1212 1964 1481 2042 precioso
1512 1963 1777 2040 germine
1808 1961 1952 2030 feta,

627 2080 852 2141 ouaque
884 2081 1031 2140 quae
1065 2063 1213 2123 nidis
1244 2083 1420 2125 aurea
1451 2082 1625 2144 saepe
1657 2063 1839 2123 daret.
1969 2056 1976 2061 “

674 2232 890 2283 xxxn.
962 2234 1061 2282 DE
1100 2232 1443 2285 ARATORE
1482 2234 1575 2282 ET
1612 2233 1846 2283 BOBVS
1884 2232 1948 2281 A.
2021 2232 2119 2281 DE
2155 2231 2255 2281 PI-

543 2311 687 2366 GRO
725 2317 1128 2368 TYRINTIVM
1163 2318 1491 2368 FRVSTRA
1529 2318 1818 2380 ORANTE
1857 2315 1914 2369 C.
1983 2316 2015 2364 2
2049 2315 2254 2380 linque·

541 2406 627 2450 rat
662 2419 708 2451 u.
749 2418 794 2451 e.
835 2402 1132 2466 Cabeljwii.
1213 2405 1407 2453 Versus
1443 2402 1491 2453 3.
1528 2403 1560 2451 4
1596 2403 1917 2453 Lachmanno
1950 2403 2117 2465 spurii
2160 2403 2257 2450 uisi

539 2493 670 2536 sunt.
777 2486 808 2537 3
856 2487 1165 2554 frustraque
1214 2488 1350 2539 libri·
1374 2486 1447 2549 (in
1493 2486 1538 2536 G
1574 2487 1770 2549 syllaba
1816 2502 1917 2552 que
1968 2502 2091 2535 rasa
2136 2483 2253 2548 est).

541 2572 806 2637 depositis
842 2559 950 2624 AC.
1022 2572 1053 2621 5
1090 2573 1395 2622 tiricintius
1432 2570 1488 2620 C.
1551 2571 1612 2621 fit
1648 2570 1707 2622 P.
1811 2570 1845 2620 6
1870 2555 1988 2621 'iam
2022 2569 2084 2618 F.
2124 2586 2250 2618 nam

540 2657 670 2706 libri.
740 2656 770 2703 7
808 2656 1069 2706 iuuencas
1105 2656 1165 2707 P.
1246 2656 1279 2706 8
1316 2658 1517 2707 tituare
1554 2660 1701 2726 totos
1737 2655 1797 2705 P.
1878 2655 1911 2705 9
1945 2660 2003 2704 tu
2041 2669 2247 2719 quoque

546 2741 842 2814 Pufeaneus:
930 2746 1060 2791 tunc
1097 2746 1150 2791 te
1186 2745 1270 2792 uel
1310 2749 1364 2791 te
1412 2757 1618 2807 quoque
1656 2742 1809 2790 editio
1857 2741 2251 2790 Mecliolanensis

540 2826 663 2874 anni
705 2823 852 2874 1785.
926 2841 1247 2890 congressus
1296 2864 1307 2876 .
1332 2863 1345 2877 .
1370 2862 1382 2875 .
1424 2841 1586 2876 ausus
1627 2826 1942 2888 Cabeljauius
1978 2826 2061 2890 qui
2106 2826 2247 2873 etiam

542 2910 633 2959 fae
660 2948 672 2961 .
697 2946 709 2958 .
733 2946 746 2960 .
773 2910 1066 2961 consiliare
1096 2914 1385 2976 proposuit.
1460 2910 1523 2961 10
1558 2926 1783 2976 superus
1819 2909 1881 2960 P.
1957 2908 2010 2958 ll
2050 2909 2249 2974 prigris

541 2993 603 3044 P.
665 2994 778 3043 fleti
804 2993 864 3048 P.
937 2995 1001 3044 12
1039 2995 1266 3046 adhibet
1299 3012 1387 3057 um
1422 2992 1485 3047 P.
1557 2996 1698 3046 facis
1736 3009 1857 3044 esse
1894 2994 1949 3044 C.

672 3080 917 3131 xxxm:
986 3081 1084 3130 DE
1140 3080 1419 3131 ANSERE
1477 3080 1535 3131 A.
1614 3080 1714 3129 DE
1769 3078 2048 3130 ANSERE
2105 3077 2245 3128 OVA

540 3164 779 3215 AVREA
814 3165 1177 3217 PARIENTE
1216 3163 1273 3213 G.
1380 3164 1404 3213 1
1453 3165 1663 3214 Ansera
1700 3164 1916 3214 cuidam
1952 3163 2015 3213 P.
2086 3178 2246 3227 quae-
