2502 3620
565 163 644 224 32
776 170 779 173 ‘
1315 178 1529 218 AVIANI

1445 273 1473 287 Ο

567 325 844 406 ‘pm-dita,
878 327 1138 405 quisquis
1170 327 1298 396 erit,
1331 325 1639 405 posthaec
1668 324 1822 386 bona
1852 325 2025 405 pallia
2059 325 2281 396 credat,

647 429 748 507 qui
776 434 941 505 putat
968 428 1031 487 in
1061 426 1297 507 liquidis
1328 427 1483 507 quod
1517 436 1676 488 natet
1706 446 1853 488 urna
1886 427 2096 488 uadis?
2219 435 2285 486 16

1287 571 1570 646 XXVI.

563 690 801 750 Viderat
831 689 1058 750 excelsa
1091 698 1427 768 pascentem
1460 710 1607 770 rupe
1640 689 1952 769 capellam,

648 793 1272 879 comminus-esuriens
1303 812 1436 853 cum
1467 792 1559 853 leo
1591 793 1776 853 ferret
1805 795 1948 863 iter,

567 900 626 953 et
654 895 818 973 prior
847 894 1040 953 ‘heus’
1072 894 1278 973 inquid
1310 896 1671 974 ‘praeruptis
1703 895 1884 954 ardua
1916 896 2069 954 saxis

651 994 848 1075 linque
879 1014 989 1055 nec
1019 996 1262 1055 hirsutis
1291 1008 1507 1075 pascua
1538 1015 1753 1076 quaere
1783 998 1963 1075 iugis,
2254 1007 2288 1053 4

563 1097 664 1156 sed
699 1098 865 1175 cytisi
895 1114 1167 1157 croceum
1203 1116 1312 1176 per
1340 1107 1507 1176 prata
1540 1100 1789 1159 uirentia
1821 1099 2025 1158 florem

648 1206 705 1257 et
735 1197 970 1276 glaucas
1000 1198 1206 1260 salices
1238 1207 1297 1259 et
1327 1201 1524 1278 thyma
1547 1209 1720 1279 ¹grata
1750 1205 1931 1280 pete.’

562 1299 660 1360 illa
693 1318 934 1378 gemens
964 1301 1228 1372 ‘desiste,
1263 1319 1507 1380 precor,
1541 1302 1853 1363 fallaciter’
1885 1303 2087 1381 inquid

647 1401 941 1463 ‘securam
972 1401 1217 1482 placidis
1246 1402 1615 1464 instimulare
1648 1404 1813 1464 dolis,
2252 1411 2288 1461 8

562 1522 704 1564 uera
735 1503 873 1564 licet
903 1523 1171 1575 moneaS,
1205 1507 1426 1565 maiora
1457 1504 1718 1584 pericula
1751 1504 1935 1574 celas:

646 1613 709 1666 tu
739 1613 935 1666 tamen
968 1607 1059 1667 his
1090 1607 1261 1667 dictis
1293 1604 1410 1666 non
1441 1607 1583 1687 facis
1615 1626 1741 1668 esse
1774 1608 1977 1668 fidem:

560 1726 694 1768 nam
728 1710 993 1788 quamuis
1023 1711 1200 1769 rectis
1229 1716 1457 1769 constet
1485 1711 1771 1770 sententia
1803 1710 2026 1776 uerbis⁹

645 1819 971 1891 suspectam
1004 1813 1156 1872 hanc
1187 1809 1426 1872 rabidus
1457 1814 1793 1873 consiliator
1823 1812 2045 1873 habet!
2221 1820 2284 1868 12
2334 1848 2350 1865 .

1248 1953 1572 2032 XXVII.

560 2074 868 2152 Ingentem
901 2076 1105 2135 sitiens
1135 2078 1340 2136 cornix
1372 2084 1678 2156 aspexerat
1706 2095 1936 2147 urnam,
2057 2111 2092 2146 a

644 2195 792 2255 quae
820 2178 1123 2237 minimam
1153 2176 1336 2239 fundo
1369 2180 1767 2240 contenuisset
1797 2198 2025 2259 aquam.

701 2328 762 2379 15
798 2330 1026 2396 posthac
1052 2330 1157 2384 PC.
1263 2331 1406 2382 bona
1431 2331 1492 2384 L.
1529 2332 1671 2383 bene
1708 2332 1840 2382 libri.
1926 2329 1990 2379 16
2023 2333 2247 2406 petat..

458 2439 461 2442 ·
564 2429 706 2479 quae
746 2413 807 2463 L.
880 2418 1042 2465 natat
1079 2414 1134 2465 C.

692 2500 879 2549 XXVI.
917 2501 1016 2549 DE
1045 2499 1380 2550 GAPELLA
1416 2502 1528 2551 ΕΤ
1537 2501 1781 2552 LEONE
1808 2501 1872 2551 A.
1909 2501 2008 2549 DE
2034 2498 2279 2551 LEONE

557 2583 654 2632 ΕΤ
693 2583 1025 2634 CAPELLA
1062 2584 1118 2635 C.
1191 2583 1224 2634 3
1258 2586 1445 2650 purior
1481 2585 1541 2635 P.
1616 2585 1804 2650 inquid
1841 2583 1901 2634 P.
1973 2586 2007 2634 4
2041 2586 2280 2649 hyrsutis

558 2667 623 2717 A.
696 2668 728 2716 5
766 2669 966 2731 cythisi
991 2668 1102 2719 ΑΡ.
1163 2671 1360 2720 florent
1384 2670 1448 2719 A.
1519 2668 1552 2718 6
1587 2665 1962 2720 salicesalices
1989 2668 2050 2721 P.
2107 2669 2280 2719 thima

557 2752 623 2800 A.
661 2756 812 2815 tyma
849 2752 910 2802 P.
1018 2754 1048 2801 7
1083 2753 1178 2803 1112
1217 2764 1268 2805 et
1311 2755 1501 2819 inquid
1536 2754 1598 2805 P.
1669 2753 1701 2803 8
1737 2738 2080 2804 instimulare
2126 2771 2281 2817 para-

553 2838 791 2900 phrastes
829 2846 877 2887 et
912 2838 1267 2902 W'opkensius.
1316 2840 1636 2889 insimulare
1682 2838 1816 2891 libri.
1863 2839 2147 2888 insinuare
2186 2838 2279 2887 Ca-

460 2930 464 2933 ‘
556 2922 820 2985 heljauius.
923 2922 974 2977 9.
1017 2923 1078 2973 10
1114 2925 1465 2975 Lachmannus
1488 2928 1629 2974 uncis
1652 2924 1864 2973 inclusit.
1981 2920 2014 2970 9
2041 2920 2193 2971 celas
2219 2920 2279 2970 F.

557 3007 722 3058 tollas
759 3009 892 3059 libri.
984 3008 1045 3057 10
1080 3011 1135 3057 in
1170 3009 1255 3058 his
1293 3010 1353 3061 P.
1475 3009 1533 3058 11
1575 3012 1829 3059 constant
1865 3008 1929 3057 A.
1970 3005 2279 3072 constat-G.

557 3097 744 3142 contet
790 3095 971 3143 sentia
1007 3093 1069 3143 P.
1158 3092 1217 3142 12
1255 3098 1516 3158 suspecta
1541 3095 1682 3144 haec
1711 3092 1772 3143 L.
1848 3092 2110 3157 grauidas
2147 3087 2275 3141 libri.

558 3176 733 3227 habes
770 3180 1100 3229 recentiore&

2007 3251 2034 3265 Q
