2502 3620
989 199 1338 240 PRAEFATIO
1926 193 2028 239 VII

308 346 402 408 uel
447 346 586 407 salsa
633 348 725 408 uel
771 349 943 408 nimis
983 350 1137 408 inter
1180 367 1242 407 se
1285 349 1563 428 permista
1598 356 1655 408 et
1685 349 1925 409 confusa
1967 351 2025 407 in

308 458 460 518 libro
503 460 752 520 Henrz'cz'
793 460 1202 533 Canneqz'eteri
1238 457 1778 537 deprehenduntur.
1852 459 2027 539 Equi-

311 568 443 628 dem
466 571 798 629 universam
831 571 1155 647 scripturae
1188 569 1638 647 discrepantiam
1670 588 1914 649 eamque
1945 571 2028 629 sic

308 686 372 739 ut
403 697 520 739 non
552 679 734 739 soleat
767 676 1093 739 accuratius
1119 681 1419 758 exscripsi.
1464 680 1700 739 Accedit
1722 688 2028 759 praeterea

280 772 281 775 Ἴ
309 809 558 868 paruum
589 789 731 850 illud
763 791 864 850 sed
906 797 1212 870 praestans
1253 790 1645 868 fragmentum
1681 791 1755 850 J(
1776 791 1962 870 quod,
1997 810 2028 849 e

311 900 536 960 duabus
556 901 923 962 solummodo
947 901 1165 962 saeculi
1189 903 1332 961 noni
1354 901 1694 980 formaeque
1712 900 2030 980 quadratae

313 1011 669 1072 membranis
712 1014 1078 1090 conpositum
1114 1010 1247 1091 (fab.
1284 1016 1391 1081 34,
1425 1016 1648 1081 8-40,
1682 1012 1770 1093 9),
1803 1012 2029 1072 Karoli-

313 1122 496 1181 ruhae
526 1124 588 1182 in
617 1121 986 1201 bybliotheca
1020 1121 1202 1182 aulica
1242 1140 1490 1182 numero
1523 1127 1602 1187 85
1635 1129 1897 1183 notatum
1931 1141 2028 1182 ex·

311 1240 423 1291 stat
453 1234 732 1312 cuiusque
763 1234 888 1321 ipse
927 1251 1035 1310 ego
1065 1234 1269 1311 paucis
1300 1232 1513 1292 abhinc
1545 1234 1713 1291 annis
1743 1234 1801 1292 in
1834 1232 2029 1293 Philo-

313 1341 431 1420 logi
463 1343 838 1403 Leutsehiani
882 1350 1042 1403 tomo
1073 1342 1229 1403 XIIII
1261 1363 1316 1422 p.
1354 1347 1474 1409 387
1507 1345 1865 1403 mentionem
1897 1344 2027 1403 feei.

311 1452 433 1513 Iam
474 1472 619 1513 uero
653 1458 703 1512 si
744 1453 1056 1532 adparatus
1098 1454 1341 1513 huiusce
1383 1454 1501 1513 uim
1546 1461 1717 1533 atque
1764 1454 2030 1513 ordinem

313 1565 689 1643 exquisitiore
732 1564 948 1624 iudicio
991 1564 1310 1644 ponderari
1352 1566 1481 1643 quis
1528 1564 1824 1634 hortetur,
1888 1565 2033 1624 duos

313 1674 547 1753 quidem
591 1673 774 1734 libros
815 1677 1055 1735 ineunte
1098 1674 1333 1734 saeculo
1380 1692 1567 1745 nono,
1610 1674 1868 1754 reliquos
1909 1693 2031 1733 me-

315 1785 411 1846 dio
455 1793 820 1866 exeunteque
872 1786 1231 1866 perscriptos
1281 1803 1408 1846 esse
1452 1785 1913 1854 adfirmauerim,
1969 1793 2034 1845 ut

313 1898 459 1956 haee
504 1897 628 1956 fere
669 1885 873 1958 eorum
916 1898 1126 1956 series:
1197 1895 1391 1958 AKPC
1432 1898 1607 1957 fuisse
1651 1895 2032 1955 existimanda

315 2009 407 2068 sit.
471 2007 639 2078 Quod
672 2005 1253 2087 παλαιογραφικῆς
1284 2006 1623 2085 disciplinae
1655 2007 1913 2065 artificiis
1943 2007 2031 2064 in-

314 2125 558 2177 uentum
602 2136 808 2197 reapse
851 2124 1025 2195 atque
1055 2118 1268 2177 mirum
1301 2119 1363 2176 in
1394 2117 1631 2176 modum
1663 2135 1795 2176 eum
1823 2118 2034 2176 ceteris

315 2227 581 2288 codicum
615 2226 710 2287 uel
741 2227 1055 2287 uirtutibus
1084 2226 1178 2287 uel
1209 2229 1368 2287 uitiis
1400 2229 1688 2305 congruit.

442 2339 705 2414 Transeo
750 2338 819 2397 ad
854 2338 1162 2398 deterioris
1200 2345 1371 2398 notae
1414 2337 1625 2408 libroS,
1669 2339 2033 2417 praefatione

318 2449 655 2520 destitutos,
700 2449 1123 2528 supplementis
1166 2450 1413 2509 nouieiis
1450 2448 1844 2519 abundanteS,
1886 2469 2034 2528 quo-

318 2578 447 2620 rum
481 2579 653 2638 opem
685 2578 873 2639 aequo
904 2560 1150 2620 sortasse
1176 2561 1412 2628 rarius,
1459 2559 1807 2638 aliquotiens
1835 2567 2034 2619 tamen

320 2689 436 2729 non
480 2672 608 2729 sine
639 2670 834 2730 fructu
875 2669 1143 2740 adhibui,
1187 2672 1340 2730 sicut
1384 2669 1895 2740 uindemiatorem,
1941 2672 2035 2729 eui

318 2799 565 2840 unarum
598 2782 803 2840 messis
844 2799 1053 2860 parum
1092 2780 1377 2859 subpetit,
1427 2799 1543 2840 non
1588 2799 1906 2861 numquam
1936 2779 2034 2841 uel

320 2890 393 2949 ad
424 2889 722 2952 labruscas
766 2890 1125 2951 descendere
1167 2893 1345 2951 iuuat.
1418 2892 1642 2952 Horum
1683 2894 1743 2952 in
1788 2910 2035 2952 numero

320 3003 573 3080 primum
608 3003 846 3063 Claudii
873 3003 1126 3063 Puteam'
1160 3001 1422 3062 codicem
1453 3021 1609 3082 pono
1652 3001 1843 3082 (hodie
1874 3004 2034 3062 Pari-

321 3113 541 3172 siacum
575 3117 738 3179 8048
771 3111 989 3172 saeculi
1018 3112 1147 3172 Xlll
1189 3113 1479 3194 extremi),
1522 3132 1696 3193 quem
1740 3115 2036 3174 recentior

322 3222 513 3304 aliqua
554 3241 762 3284 manus
802 3230 888 3284 tot
927 3222 1070 3284 locis
1113 3224 1447 3286 emendauit
1480 3231 1752 3307 tantaque
1781 3223 2035 3287 liberali-
