2502 3620
481 179 553 223 VI
1171 180 1525 222 PRAEFATIO

474 329 852 400 [Praefatioz]
894 334 958 382 de
995 332 1228 381 oratione
1266 331 1332 380 de
1370 346 1533 395 prosa
1599 333 1607 342 ’

481 421 609 484 elegi
641 435 745 468 sum
784 415 885 480 (ita
924 416 1239 479 corrector).
1318 412 1527 479 ‘Elegi’
1569 413 1963 463 aduerbialitcr
2000 413 2204 462 dictum

506 510 507 517 ’
566 561 583 569 ο
617 507 700 553 est
736 503 803 552 de
842 501 1092 567 elegiaco
1132 501 1401 561 carmine3
1443 504 1498 548 ct
1523 500 1571 548 si
1596 501 1751 563 elegis
1785 498 2016 563 legeris),
2057 498 2202 547 simi-

614 587 744 637 liter
781 588 838 635 in
877 586 1143 651 elegiacis
1183 585 1515 635 carminibus

411 725 420 731 ,
480 675 660 722 animis
696 673 815 722 sine
834 671 1021 720 *uerbo
1048 698 1051 701 -

483 759 531 821 7,
604 756 637 807 9
672 758 862 821 reseris
896 772 993 821 pro
1032 756 1206 805 refers

572 842 632 892 15
670 843 840 892 notari
875 841 1060 905 decipi

480 930 528 992 2,
590 929 622 976 2
659 927 1000 977 constituisset
1034 925 1165 973 humi
1201 922 1479 974 eleuasset
1517 941 1582 974 ex
1619 925 1779 973 humo

591 1013 623 1061 5
658 1013 854 1062 sibimet
890 1026 964 1061 sc.
1006 1024 1127 1060 esse

485 1098 532 1155 5,
596 1096 621 1145 1
661 1099 829 1146 iuuari
866 1094 1136 1144 delectari

481 1181 531 1244 6,
595 1184 627 1230 4
662 1182 875 1230 miseras
912 1178 1157 1228 infirmas

595 1264 628 1314 6
663 1267 958 1315 continuare
995 1267 1326 1329 perpetuare

483 1352 531 1410 7,
594 1350 619 1399 1
659 1353 882 1399 innatum
917 1348 1200 1397 inmissum

483 1435 531 1499 8,
594 1438 626 1484 4
662 1426 1138 1484 Fortuna'uersat
1183 1438 1359 1483 rotam
1407 1432 1638 1482 uolubili
1675 1434 1764 1483 uel
1801 1433 2051 1483 instabili
2088 1449 2208 1483 car-

619 1520 744 1570 dine
795 1524 850 1569 et
897 1519 1100 1583 gaudet
1145 1523 1356 1567 mutare
1403 1518 1623 1568 assidue
1671 1519 1858 1568 infima
1895 1520 2115 1568 summis
2153 1523 2209 1568 et

617 1620 826 1654 summa
872 1603 1088 1653 infimis.
1158 1604 1232 1651 Et
1279 1603 1422 1652 hacc
1471 1610 1603 1668 aput
1649 1608 1867 1653 ueteres
1922 1603 2210 1652 dicebatur

619 1686 724 1737 dea
772 1692 1018 1738 euentus.
1092 1688 1259 1737 Ponit
1307 1692 1488 1737 autem
1541 1693 1596 1737 et
1630 1688 1722 1737 hic
1757 1696 1918 1738 rotam
1956 1705 2050 1753 pro
2087 1689 2209 1753 ipsa

617 1773 864 1823 Fortuna

383 1854 399 1870 ⁴
489 1858 568 1923 10,
597 1859 626 1908 7
661 1862 839 1924 ,qalero
877 1860 931 1909 id
968 1864 1053 1910 est
1090 1859 1416 1925 galomauco
1457 1857 1582 1924 [lege
1622 1857 1990 1923 camelauco]‚
2031 1860 2085 1908 id
2125 1865 2209 1909 est

622 1944 764 1994 cufia
802 1942 877 2009 [la
902 1941 1074 2008 eoiffe]
1648 1945 1651 1948 ’

486 2029 567 2093 11,
612 2028 673 2079 13
710 2030 950 2092 conferat
983 2028 1141 2078 simul
1178 2033 1360 2093 portet

486 2113 566 2177 14,
606 2114 638 2164 5
674 2116 745 2164 ad
775 2115 941 2178 iar-,qia
979 2114 1046 2163 ad
1083 2113 1294 2178 placita

483 2200 566 2258 22,
604 2200 635 2248 5
670 2206 928 2264 scrupulus
962 2214 1059 2263 pro
1097 2202 1437 2249 scrutaturus

485 2317 646 2379 Alter
677 2325 917 2378 econtra
948 2317 1222 2378 librarius
1251 2320 1313 2377 in
1344 2317 1674 2378 fabularum
1707 2318 2074 2379 ordinatione
2107 2318 2208 2379 ali-

485 2430 825 2508 quantisper
856 2426 929 2487 ab
960 2447 1070 2489 usu
1112 2430 1386 2498 recessit,
1431 2430 1655 2489 incuria
1690 2437 1754 2489 ut
1785 2431 1994 2508 opinor
2024 2432 2210 2507 magis

486 2558 660 2618 quam
693 2537 960 2598 consulto
992 2557 1213 2620 suoque
1238 2542 1386 2610 iure,
1420 2547 1482 2599 ut
1515 2558 1587 2599 ne
1619 2540 1675 2599 id
1708 2540 1944 2619 quidem
1979 2540 2210 2617 longius

486 2651 760 2729 persequi
790 2647 1021 2710 uellem.
1069 2651 1343 2712 Codicem
1366 2646 1420 2710 A
1445 2650 1583 2710 olim
1608 2650 1680 2711 ab
1705 2652 1955 2728 Iosepho
1978 2670 2209 2730 quoque

487 2756 794 2834 Scaliqero
823 2761 1153 2839 inspectum
1195 2762 1375 2822 fuisse
1418 2761 1606 2822 simile
1649 2764 1778 2821 ueri
1819 2769 1937 2833 est,
1994 2763 2210 2841 quippe

488 2872 587 2950 qui
619 2889 689 2929 ex
720 2872 831 2929 isto
863 2853 1100 2949 Vergilii
1129 2874 1337 2941 uitam,
1388 2891 1419 2930 a
1451 2873 1603 2931 Foca
1637 2874 2023 2949 grammatico
2070 2891 2208 2931 con-

487 2982 785 3060 scriptam,
818 3000 972 3042 anno
1007 2987 1167 3048 1573
1199 2984 1427 3060 primus
1457 2981 1812 3062 publicauit3
1848 2991 1966 3043 tres
1998 2983 2208 3043 deinde

486 3091 670 3152 libros
728 3111 891 3152 meos
949 3093 1273 3152 Parisiacos
1332 3067 1632 3152 Arnoldus
1686 3095 2211 3154 Drakenborehius

490 3202 794 3276 tractabat,
829 3204 993 3265 cuius
1025 3210 1302 3282 excerpta
1324 3221 1502 3283 parca
1522 3204 1950 3286 maximamque
1980 3213 2208 3285 partem
