2502 3620
972 178 1129 218 PABV
1135 177 1255 217 ΒΑΕ
1904 162 1940 220 4
1953 164 1979 220 1

955 427 1277 506 XXXV.
1632 483 1652 510 .

265 585 446 644 Fama
478 590 566 643 est
595 583 751 662 quod
782 585 1080 660 geminum
1111 582 1476 664 profundens
1506 582 1673 640 simia
1703 588 1935 659 partum

354 686 573 746 diuidat
600 687 661 744 in
691 687 885 745 uarias
913 687 1200 763 pingnera
1230 693 1365 744 nata
1394 685 1579 743 uices:

265 806 520 867 namque
550 805 732 847 unum
764 786 907 847 karo
939 768 1205 865 genetrix
1237 787 1433 847 educit
1463 803 1691 853 amore,

353 890 592 951 alterius
623 889 772 950 odiis
803 898 1131 950 exsaturata
1163 896 1367 949 tumet.
1952 894 1984 942 4

266 994 531 1072 coeperit
559 998 623 1052 ut
654 992 831 1052 fetam
863 994 1101 1070 grauior
1131 998 1359 1051 terrere
1390 990 1699 1058 tumultus,

355 1093 621 1154 dissimili
652 1101 819 1153 natos
851 1093 1198 1153 condicione
1229 1094 1409 1171 rapit:

269 1194 544 1255 dilectum
579 1195 848 1255 manibus
877 1194 971 1255 uel
1004 1203 1242 1274 pectore
1275 1201 1461 1272 gestat
1492 1196 1731 1263 amico,·

353 1305 752 1376 contemptum
784 1297 959 1358 dorso
990 1299 1341 1376 suscipiente
1373 1295 1546 1356 leuat‘.
1949 1301 1983 1352 8

267 1399 370 1458 sed
403 1418 536 1459 cum
569 1399 796 1460 lassatis
826 1408 1081 1479 nequeat
1109 1399 1433 1458 consistere
1465 1396 1708 1476 plantis,

352 1500 683 1580 obpositum
716 1502 943 1579 fugiens
973 1509 1180 1579 sponte
1210 1502 1455 1561 remittit
1485 1518 1651 1560 onus.

268 1603 415 1664 alter
445 1610 503 1662 at
533 1604 763 1663 hirsuto
795 1605 1017 1663 circum
1051 1603 1195 1662 dans
1226 1601 1468 1661 brachia
1499 1600 1650 1661 collo

352 1705 556 1764 haeret
586 1712 643 1765 et
673 1707 854 1765 inuita
886 1723 1019 1764 cum
1052 1706 1352 1782 genetrice
1383 1703 1547 1780 sugit.
1921 1712 1982 1761 12

267 1827 403 1868 mox
434 1826 664 1887 quoque
696 1806 894 1868 dilecti
924 1806 1184 1866 succedit
1211 1807 1273 1865 in
1305 1803 1501 1866 oscula
1532 1804 1757 1875 fratriS,

351 1917 617 1969 seruatus
646 1909 858 1970 uetulis
886 1910 1093 1968 unicus
1123 1908 1282 1967 heris
1313 1909 1455 1967 auiS.

616 2065 668 2072 ἡ

399 2149 608 2200 mv.
678 2148 746 2197 In
782 2147 830 2196 A
865 2149 1034 2197 titulus
1068 2148 1226 2196 deest.
1281 2146 1381 2194 DE
1419 2144 1663 2195 SIMIAE
1704 2145 1979 2224 GFMEL-

266 2234 381 2285 LIS
407 2233 464 2283 C.
543 2233 559 2282 1
602 2238 662 2282 ut
698 2234 970 2298 geminum
1008 2248 1118 2281 una
1143 2230 1206 2293 L,
1244 2232 1326 2279 cui
1358 2247 1535 2280 uersus·
1569 2229 1746 2292 3-6,
1785 2230 1982 2281 13—16

262 2322 430 2384 epm-iz·
459 2327 589 2370 sunt.
661 2320 692 2367 2
727 2318 996 2383 pinguem
1036 2317 1318 2378 Gabeljauii
1349 2322 1509 2365 uetus.
1578 2314 1610 2365 3
1646 2331 1769 2365 raro
1810 2316 1980 2366 Cabel-
2023 2331 2030 2337 ·

253 2405 452 2466 junius.
494 2420 621 2453 caro
657 2404 774 2452 libri
805 2405 915 2452 mei.
1011 2402 1250 2467 genitrbt
1287 2399 1394 2449 Ac.
1493 2399 1691 2450 educat
1726 2400 1793 2450 K.
1831 2401 1981 2450 ducit

265 2487 329 2536 P.
399 2488 431 2535 4
469 2492 759 2538 exaturata
794 2486 852 2537 C.
914 2490 1169 2537 exturata
1206 2486 1270 2536 P.
1342 2486 1373 2535 5
1411 2491 1670 2551 coeperat
1704 2493 1762 2535 ut
1797 2487 1978 2536 nixam
2064 2507 2072 2517 ·

267 2572 606 2635 Gabeljam'us·
702 2573 910 2623 foetam
954 2570 1110 2621 APC.
1203 2570 1450 2620 tumultis
1488 2569 1543 2619 C.
1649 2571 1677 2618 7
1716 2572 1882 2635 gestit
1917 2571 1979 2620 P.

264 2655 300 2704 8
336 2660 689 2721 concoeptum
726 2656 786 2708 P.
856 2656 890 2707 9
925 2658 1138 2722 nequiit
1172 2657 1327 2706 editio
1364 2655 1586 2706 Bataua.
1656 2655 1859 2720 plantis
1895 2658 1980 2705 de-

264 2749 342 2791 est
378 2744 428 2791 in
451 2741 514 2791 P.
586 2741 651 2791 10
688 2742 994 2808 appositum
1023 2741 1262 2791 Nicolaus
1286 2741 1532 2789 Heinsius
1569 2738 1660 2804 (ad
1683 2740 1849 2790 Ouidii
1868 2742 1980 2790 He-

263 2828 440 2877 midas
472 2825 521 2890 9,
560 2825 665 2889 60).
770 2826 964 2891 figiens
1010 2825 1070 2875 P.
1187 2825 1420 2875 remittit
1452 2824 1549 2874 AC
1579 2842 1713 2876 corr.
1774 2825 1982 2874 remisit

265 2910 410 2961 PKG
439 2929 473 2961 α
503 2913 670 2977 prima
692 2929 854 2962 manu.
931 2911 988 2961 11
1030 2911 1171 2961 alter
1205 2907 1457 2960 omisitss.
1542 2909 1610 2961 ad
1636 2909 1695 2960 P.
1723 2910 1792 2959 ab
1818 2908 1979 2958 AKC.

263 2997 593 3047 circundans
631 2995 688 3047 C.
758 2997 957 3048 brahia
991 2995 1052 3048 P.
1141 2994 1204 3045 12
1243 2997 1471 3046 inuenta
1507 2994 1568 3045 P.
1640 2994 1980 3059 generetrice

266 3080 328 3131 P.
377 3082 647 3146 genitrice
677 3081 780 3135 AC.
856 3081 917 3131 13
942 3081 1175 3131 succidit
1200 3080 1265 3130 A.
1342 3080 1403 3130 14
1429 3081 1664 3130 seruitus
1693 3079 1737 3128 A
1760 3096 1792 3128 a
1812 3080 1979 3142 prima

261 3184 423 3217 mmm.
462 3167 699 3217 seruatis
735 3165 797 3216 P.
869 3166 1028 3216 heres
1064 3167 1196 3216 libri.
1235 3166 1384 3216 heris
1422 3166 1682 3215 Heinsius
