2502 3620
532 115 611 175 36
1284 130 1498 171 ΑνῐΑΝῐ

528 465 862 525 Vastantem
894 470 1121 542 segetes
1152 471 1210 525 et
1238 467 1477 543 pinguia
1509 465 1661 525 culta
1691 473 1959 527 ruentem

612 566 902 645 linquerat
932 565 1156 625 abscisa
1186 568 1437 627 rusticus
1466 586 1606 628 aure
1636 585 1830 639 suem,

530 675 593 728 ut
622 686 849 728 memor
881 669 1105 746 accepti
1134 668 1400 729 referens
1429 670 1790 731 monimenta
1821 668 2037 732 doloris

612 769 858 830 ulterius
891 770 1108 829 teneris
1136 778 1410 848 parceret
1437 770 1535 830 ille
1566 772 1722 831 satis,
2217 780 2258 828 4

530 890 735 932 rursus
763 873 825 931 in
857 873 1116 950 excerpti
1149 872 1474 952 deprensus
1505 874 1752 932 crimine
1784 875 1973 953 campi

614 974 872 1053 perdidit
899 972 1158 1033 indultae
1187 975 1446 1054 perfidus
1476 975 1633 1035 auris
1663 993 1830 1035 onus,

532 1094 642 1135 nec
673 1093 865 1144 mora,
897 1075 1211 1154 praedator
1242 1078 1427 1154 segeti
1455 1075 1638 1155 kaput
1668 1076 1864 1138 intulit
1892 1078 2175 1148 horrenS‚

617 1195 805 1256 poena
837 1177 938 1236 sed
968 1178 1198 1254 insigne
1228 1178 1343 1237 hoc
1374 1179 1780 1256 congeminata
1813 1178 1970 1239 facit.
2214 1184 2254 1235 8

533 1285 672 1338 tunc
705 1279 926 1339 domini
954 1286 1190 1358 captum
1221 1283 1441 1341 mensis
1473 1280 1632 1340 dedit
1660 1279 1758 1340 ille
1791 1280 2086 1359 superbiS,

613 1382 672 1439 in
705 1382 896 1441 uarias
928 1380 1126 1460 epulas
1154 1380 1406 1460 plurima
1437 1382 1619 1442 frusta
1650 1400 1873 1443 secans,

532 1482 634 1542 sed
667 1501 798 1542 cum
830 1484 1160 1564 consumpti
1191 1482 1463 1544 dominus
1493 1502 1595 1544 cor
1625 1493 1936 1564 quaereret
1963 1486 2114 1564 apri,

612 1585 904 1663 inpatiens
934 1584 1121 1644 fertur
1152 1584 1308 1663 quod
1340 1588 1602 1664 rapuisse
1634 1603 1826 1655 εοεαε,
2181 1593 2248 1642 12

531 1687 786 1746 rusticus
816 1686 929 1746 hoc
958 1688 1170 1747 iustam
1200 1686 1385 1746 uerbo
1419 1688 1758 1765 conpescuit
1786 1689 1960 1756 iram,

615 1788 931 1849 adfirmans
962 1788 1201 1856 stultum
1232 1806 1352 1849 non
1381 1786 1653 1848 habuisse
1684 1807 1877 1849 suem:

532 1889 691 1951 ‘nam
723 1911 832 1971 qur
863 1892 1267 1953 membrorum
1299 1892 1540 1951 demens
1569 1891 1631 1949 in
1662 1890 1912 1969 dampna
1944 1889 2190 1950 redisset

617 2001 788 2072 atque
817 2010 935 2052 uno
966 1994 1179 2054 totiens
1208 1999 1406 2071 posset
1436 1991 1506 2052 ab
1538 1993 1705 2056 hoste
1737 1992 1925 2071 capi?'
2181 1998 2246 2049 16

664 2180 828 2229 XXX.
898 2180 996 2229 DE
1051 2178 1183 2230 SVE
1236 2180 1330 2229 ET
1368 2170 1625 2230 ‘ILLIVS
1675 2178 1962 2229 DOMINO
2000 2175 2068 2228 A.
2144 2176 2242 2228 DE

531 2264 722 2315 APRO
760 2265 853 2315 ΕΤ
891 2263 1187 2327 QVOQVO
1216 2264 1274 2316 C.
1347 2264 1372 2314 1
1400 2265 1606 2330 pingue.
1630 2263 1692 2313 P.
1762 2264 1795 2312 2
1826 2264 2101 2330 linquerat
2123 2280 2172 2313 u.
2198 2279 2244 2313 c.

536 2349 834 2412 Gabeljauii.
874 2417 877 2418 ⁷
906 2348 938 2400 3
976 2349 1154 2415 aperti
1177 2347 1239 2398 P.
1312 2349 1647 2399 monimenta
1681 2348 1791 2399 AC.
1860 2349 1894 2397 4
1930 2346 2155 2398 alterius
2179 2347 2239 2397 P.

536 2439 795 2500 pasceret
842 2433 897 2483 C.
1003 2434 1035 2484 5
1074 2434 1292 2498 excepti
1337 2433 1469 2483 libri.
1531 2433 1773 2498 excerpti
1817 2433 2094 2484 Vossianus
2129 2433 2161 2482 I
2196 2440 2243 2481 et

537 2519 757 2569 Guietus.
809 2518 1047 2584 exculpti
1074 2518 1137 2572 L.
1218 2518 1509 2583 depressus
1545 2518 1774 2568 crimina
1799 2517 1859 2567 P.
1930 2517 1960 2566 7
1995 2517 2242 2582 praedite

533 2602 595 2652 P.
633 2602 952 2668 praedictae
988 2602 1095 2653 AC.
1135 2602 1433 2669 praedator
1468 2601 1531 2653 L.
1702 2601 1735 2651 8
1781 2598 2059 2667 indignum
2107 2601 2241 2667 quod

536 2688 818 2754 geminata
872 2689 1002 2738 libri.
1058 2689 1445 2752 congeminata
1498 2689 1801 2738 PuteaneuS.
1857 2687 2127 2751 insignem
2179 2686 2238 2735 L.

533 2773 751 2837 insigne
787 2772 893 2824 hoc
927 2771 989 2821 F.
1062 2771 1095 2821 9
1131 2777 1241 2821 tum
1269 2808 1281 2821 .
1306 2809 1318 2822 .
1343 2807 1355 2821 .
1382 2772 1508 2822 dedi
1536 2807 1550 2822 .
1574 2808 1586 2821 .
1611 2808 1623 2821 .
1651 2786 1813 2836 super
1846 2771 1933 2821 his
1970 2770 2031 2824 P.
2102 2772 2239 2821 hunc

534 2859 654 2909 Put.
695 2854 751 2920 (h
786 2858 838 2906 in
871 2854 1097 2921 rasura).
1209 2855 1273 2905 10
1306 2858 1563 2907 inuentas
1590 2894 1602 2907 .
1628 2893 1640 2905 .
1669 2892 1682 2905 .
1711 2857 1915 2905 frustra.
1949 2860 2143 2905 secant
2177 2854 2236 2905 P.

536 2959 601 3012 12
639 2974 732 3009 cor
766 2958 1009 3023 rapuisse
1045 2961 1372 3009 recentior-ec.
1454 2973 1615 3009 cocus
1652 2957 1763 3007 ΑΡ.
1803 2934 1969 3020 οοᾶιιε
2016 2956 2073 3009 C.
2119 2973 2240 3022 quo-

537 3058 640 3108 que
675 3050 818 3093 uetus
853 3043 963 3092 cod.
994 3043 1289 3106 Gabeljauz'i.
1360 3044 1688 3108 corripuisse
1724 3036 1952 3108 coquum
1986 3041 2237 3106 W'opken-

534 3130 655 3178 siu-e.
731 3126 794 3178 13
831 3127 1169 3193 cumpescuit
1203 3124 1269 3175 A.
1344 3126 1405 3176 15
1442 3142 1541 3191 qur
1573 3144 1621 3176 u.
1650 3142 1694 3176 c.
1731 3125 2029 3188 Cabeljauiz’.
2096 3142 2237 3177 men·
