2502 3620
563 162 640 221 52
1313 170 1529 211 AVIANI

1308 316 1528 380 XVII.

564 452 627 503 19
652 445 870 504 Cuncta
902 441 1037 500 lieet
1067 439 1293 499 soleant
1322 437 1594 499 animalia
1624 437 1794 498 bruta
1831 439 2051 506 timeri,

730 542 1001 603 omnibus
1031 549 1119 601 est
1146 541 1262 602 illis
1291 540 1422 620 plus
1450 540 1800 601 metuendus
1830 540 2025 599 homo,

646 649 808 709 More
840 644 1039 706 uolant
1068 643 1243 703 iaculi
1274 643 1633 703 clandestina
1665 640 1848 701 uerba
1880 644 2172 711 necantiS,

732 766 841 807 nee
871 747 1137 826 praecire
1167 743 1389 824 palam,
1425 731 1675 804 laederis
1707 743 1892 813 unde,
1924 752 2110 823 potes,

1271 946 1567 1011 XVIIII.

570 1096 631 1146 15
656 1089 841 1149 Nemo
872 1105 1011 1146 suae
1043 1088 1237 1145 earnis
1269 1087 1513 1145 nimium
1546 1084 1797 1145 laetetur
1826 1086 2079 1153 honore,

734 1208 809 1249 ne
841 1187 973 1249 uilis
1003 1188 1189 1248 sactus
1219 1195 1354 1266 post
1383 1207 1486 1247 sua
1518 1187 1632 1247 sata
1664 1193 1877 1265 gemat.

652 1293 794 1352 Cum
824 1289 1029 1370 pulcer
1059 1290 1267 1359 fueriS,
1304 1289 1631 1350 deformem
1663 1308 1947 1368 spernere
1978 1289 2123 1358 noli,

736 1394 925 1472 turpia
956 1411 1130 1472 saepe
1162 1393 1395 1470 uigent,
1430 1392 1664 1471 quando
1697 1392 1911 1451 decora
1943 1391 2171 1451 cadunt.

1350 1592 1505 1655 XX.

568 1733 602 1771 ²¹⁵
621 1742 678 1792 17
705 1733 922 1794 Iudicio
953 1731 1141 1812 plebis
1173 1750 1291 1790 non
1324 1729 1467 1791 fallit
1499 1730 1750 1801 ‘habes',
1783 1732 1885 1792 sed
1916 1731 2238 1792 ‘habebis'z

778 1836 910 1916 plus
930 1836 1135 1896 ‘unum
1159 1835 1273 1894 hoc
1296 1833 1534 1905 tribuo’,
1562 1834 2097 1914 quamftribuenda
2122 1835 2282 1895 duo'.

570 1937 604 1975 '¹‘
690 1939 918 1998 Incerta
947 1957 1056 2017 pro
1087 1956 1189 2017 spe
1221 1955 1342 1997 non
1371 1954 1618 1997 munera
1651 1945 1811 1997 certa
1841 1936 2132 2017 relinque,

782 2058 852 2099 ne
883 2058 1086 2099 rursus
1117 2058 1365 2119 quaeras
1395 2038 1547 2099 forte
1580 2058 1690 2099 nec
1720 2040 2003 2100 inueniaS.

1314 2222 1543 2287 XXII.

463 2391 468 2396 ·
570 2370 632 2419 21
658 2362 895 2423 Inuidus
924 2370 988 2423 ut
1019 2382 1134 2423 non
1168 2364 1246 2424 sis
1276 2380 1386 2422 nee
1418 2381 1657 2432 auaruS,
1692 2371 1892 2423 nostra
1923 2362 2132 2424 sabella

740 2463 970 2534 edocet,
1005 2465 1095 2525 his
1127 2464 1357 2524 casibus
1388 2483 1462 2523 ne
1495 2464 1746 2525 similem
1777 2465 2006 2527 subeas,

705 2738 867 2787 xvn.
943 2735 1004 2786 19
1041 2736 1232 2785 timere
1270 2733 1342 2785 D.
1414 2733 1473 2782 21
1524 2733 1578 2784 V.
1620 2735 1719 2785 Pa.
1760 2734 1827 2785 Ζ.

705 2821 925 2870 xva.
971 2819 1026 2869 V.
1057 2820 1119 2869 15
1154 2820 1324 2870 nimio
1362 2819 1430 2871 Ζ.
1540 2819 1603 2869 16
1638 2820 1839 2871 damna
1864 2820 1931 2871 Z.
2003 2823 2177 2888 gimat
2210 2823 2279 2874 D.

579 2906 658 2956 17.
702 2905 764 2956 18
799 2905 901 2956 Pa.
979 2903 1040 2954 18
1073 2921 1308 2971 namque
1345 2906 1536 2970 uigent
1572 2920 1739 2971 saepe
1781 2904 1847 2956 Z.

705 2994 821 3043 XX.
896 2990 972 3041 17.
1011 2988 1074 3039 18
1120 2988 1221 3041 Ρα.
1298 2988 1359 3039 19
1395 2990 1675 3055 relinquas
1713 2990 1778 3041 Z.
1860 2989 1927 3040 20
1964 2995 2019 3041 et
2064 3008 2106 3042 r.
2157 3009 2205 3056 q.
2241 2994 2280 3043 f.

577 3092 684 3127 non
717 3077 758 3141 ¹i.
797 3074 865 3125 Ζ.

708 3161 878 3210 xxn.
922 3160 1311 3223 Canneyz‘eterus
1334 3174 1405 3208 eoe
1428 3161 1539 3209 cod.
1564 3160 1803 3211 Cor-tiano
1832 3161 1933 3210 III
1958 3164 2279 3227 deprompsit.
