2502 3620
509 142 587 202 82
1220 146 1506 188 APOLOG1

513 310 588 363 ris
634 306 767 363 uidit
808 306 907 360 bos
938 303 1087 358 illum
1120 301 1352 357 uitulum
1385 300 1594 354 uittatis
1637 295 1892 352 cornibus
1924 303 1978 349 et
2008 294 2257 365 ligatum

514 411 684 466 sacris
717 408 898 480 inponi
931 403 1192 461 altaribus
1224 401 1607 473 iuguiandum‚
1640 407 1696 453 ct
1725 400 1825 454 ait:

599 528 750 583 ‘ecce
781 526 876 581 tibi
912 525 1084 579 tristis
1116 522 1261 577 dedit
1291 520 1632 591 indulgencia
1662 524 1917 577 mortem,

683 637 953 702 expertem
986 626 1161 681 nostri
1195 639 1334 697 quae
1364 621 1508 677 dedit
1539 637 1660 676 esse
1690 621 1820 690 iugi.

598 730 849 786 Proderit
881 745 1013 800 ergo
1045 741 1267 799 grauem
1297 726 1483 798 potius
1515 723 1744 778 sufferre
1773 719 2044 781 laborem,

685 834 802 888 ocia
834 846 994 904 quam
1027 837 1275 885 tenerum
1305 844 1426 882 mox
1457 828 1699 899 peritura
1731 820 1925 898 sequi.’

1193 1073 1557 1139 XXXVII.

643 1239 903 1311 Pinguior
943 1238 1204 1292 exhausto
1249 1242 1351 1290 etc.
1412 1233 1539 1288 Vide
1584 1212 1721 1287 hanc
1764 1230 1997 1286 fabulam
2042 1233 2099 1286 iu
2141 1231 2255 1284 Ae·

524 1361 690 1416 sopo:
751 1338 851 1395 ‘de
892 1355 1022 1396 cane
1064 1338 1257 1411 guloso
1302 1344 1356 1391 et
1398 1336 1526 1408 lupo
1570 1334 1870 1390 libertatem
1922 1331 2252 1395 laudante';

522 1445 663 1501 unde
693 1452 746 1498 et
775 1444 861 1499 hic
891 1442 1116 1498 dicitur:

608 1566 707 1620 has
738 1563 845 1619 iilis
877 1561 1065 1635 epuias
1096 1561 1287 1633 pocius
1318 1557 1535 1613 laudare
1564 1561 1861 1616 memento,

694 1667 787 1739 qui
815 1663 1116 1720 libertatem
1151 1667 1276 1734 post
1306 1674 1538 1733 posuere
1569 1658 1743 1730 guiae.

1182 1906 1585 1972 XXXVIII.

807 2050 1218 2116 [paraphrastes
1254 2029 1430 2097 uersas
1466 2046 1655 2095 Auiani
1687 2040 1945 2107 repetiit]

1165 2281 1601 2347 XXXVIIII.

657 2433 806 2489 Miles
850 2433 905 2486 in
959 2428 1344 2486 torneamentis
1399 2425 1617 2480 attritus
1672 2438 1818 2478 arma
1882 2439 1977 2477 sua
2031 2421 2255 2477 tradidit

532 2535 747 2609 ignibus
790 2531 1148 2590 conburenda.
1211 2529 1308 2584 Cui
1337 2528 1507 2583 lituus
1539 2528 1639 2581 ait:
1701 2523 1827 2596 ‘ego
1877 2532 1926 2578 te
1970 2523 2055 2578 uel
2086 2523 2255 2580 alium

532 2653 806 2712 nunquam
837 2634 1010 2709 inpuli
1029 2633 1114 2690 uel
1136 2632 1410 2707 percussi;
1443 2643 1609 2702 quare
1632 2628 1799 2699 igitur
1819 2642 1901 2681 me
1931 2625 2191 2682 conburis
2204 2624 2254 2681 ‘2’

533 2742 625 2797 Cui
659 2740 842 2795 miles:

619 2858 638 2887 θ
657 2865 710 2912 te
740 2856 1145 2929 disceptandum
1175 2853 1404 2910 flammis
1434 2849 1824 2923 crepitantibus
1854 2847 2038 2902 addam

702 2966 756 3014 et
786 2958 1005 3031 dignum
1036 2973 1209 3031 poena
1238 2963 1294 3010 te
1324 2954 1576 3028 grauiore
1605 2966 1869 3025 premam

561 3085 565 3096 «
619 3079 740 3118 nam
772 3061 898 3117 licet
929 3062 1045 3132 ipse
1074 3057 1205 3113 nihil
1236 3058 1415 3129 possis
1449 3061 1713 3127 temptare
1743 3067 1842 3106 nec
1871 3068 2066 3113 ausuS,

706 3164 921 3219 saeuior
949 3161 1079 3221 hoc,
1112 3157 1247 3214 alios
1280 3156 1425 3230 quod
1455 3156 1587 3210 sacis
1619 3168 1739 3208 esse
1769 3151 1982 3208 malos?
