2502 3620
1002 166 1284 207 FABVLAE
1913 155 1993 214 27
2055 218 2059 223 ,

276 316 528 374 rusticus
559 315 709 375 hanc
740 315 933 393 fragili
964 318 1209 395 cupiens
1240 316 1559 395 decerpere
1591 317 1782 378 culmo

359 418 612 477 uicinam
645 416 890 496 subplex
920 418 1071 478 forte
1103 416 1340 496 petebat
1369 437 1570 496 opem,
1962 428 1995 476 4
2098 437 2106 451 ·

277 526 336 578 et
367 539 479 579 uox
511 518 801 598 inplumes
833 519 1091 580 turbauit
1122 519 1360 580 credula
1393 519 1589 589 nidos,

362 628 625 681 suaserat
656 628 713 681 et
745 621 964 681 laribus
995 623 1342 682 continuare
1374 622 1589 699 fugam.

277 725 500 783 cautior
531 725 637 784 hos
669 742 939 783 remeans
967 723 1243 801 prohibet
1274 723 1578 785 discedere
1609 734 1824 786 mater:

362 829 521 886 ‘nam
553 826 692 905 quid
724 824 796 885 ab
829 827 1086 885 externis
1115 827 1516 904 proficieturP
1549 828 1645 887 ait.
1963 834 1995 884 8

275 927 374 987 ille
405 929 619 987 iterum
650 926 807 987 karis
838 946 1077 1006 operam
1110 927 1411 988 mandauit
1441 930 1669 997 amiciS,

363 1037 421 1089 at
450 1032 719 1108 genetrix
748 1047 983 1089 rursum
1016 1031 1195 1089 tutior
1224 1031 1363 1091 inde
1394 1037 1609 1091 manet.

277 1131 378 1191 sed
411 1139 719 1211 postquam
751 1151 961 1192 curuas
994 1132 1295 1192 dominum
1328 1132 1735 1212 conprendere
1766 1132 1972 1203 falceS‚

362 1232 626 1310 frugibus
658 1241 716 1293 et
747 1252 949 1294 ueram
981 1234 1162 1293 sensit
1192 1233 1397 1295 adesse
1427 1253 1693 1303 manum,
1936 1241 1998 1291 12

279 1338 486 1394 ‘nunc'
519 1336 627 1404 ait,
662 1338 721 1396 ‘o
753 1336 984 1405 miseri,
1017 1334 1231 1396 dilecta
1263 1335 1574 1415 relinquite
1605 1355 1773 1406 rura,

363 1456 493 1498 cum
528 1455 691 1516 spem
725 1437 797 1497 de
827 1439 1082 1516 propriis
1113 1437 1338 1499 uiribus
1367 1438 1464 1498 ille
1493 1440 1684 1517 petit.'

1006 1707 1258 1782 XXII.

276 1881 539 1959 luppiter
571 1879 873 1958 ambiguas
903 1882 1208 1941 hominum
1240 1881 1615 1961 praediscere
1649 1887 1876 1941 mentes

363 1982 431 2041 ad
467 1989 653 2041 terras
683 1981 986 2041 Phoebum
1020 1977 1175 2043 misit
1206 1982 1277 2043 ab
1310 2002 1443 2042 arce
1474 1981 1612 2061 poli.

279 2091 417 2143 tuuc
450 2083 565 2143 duo
598 2083 845 2144 diuersis
876 2084 1199 2164 poscebant
1231 2087 1471 2145 numina
1505 2085 1654 2144 uotis

366 2183 636 2264 (namque
669 2184 816 2245 alter
847 2186 1120 2265 cupidus,
1155 2185 1367 2246 liuidus
1399 2185 1545 2246 alter
1577 2187 1751 2266 erat),
1966 2194 1999 2242 4
2054 2237 2063 2246 .

278 2474 385 2509 uea
421 2457 483 2508 P.
563 2458 596 2507 5
635 2462 691 2508 et
727 2457 789 2507 L.
830 2458 927 2509 sed
964 2459 1097 2508 libri.
1145 2457 1287 2508 haec
1330 2459 1737 2522 CanneyieteruS.
1809 2455 1999 2522 implu-

280 2560 395 2594 mes
420 2544 485 2593 A.
513 2543 826 2610 implumest
852 2542 910 2592 Ρ.
986 2541 1197 2593 credita
1234 2543 1517 2605 Withofius.
1578 2543 1701 2592 nius
1727 2541 1786 2591 Ρ.
1859 2541 1890 2590 7
1916 2557 1998 2591 re-

279 2643 489 2679 uocans
528 2627 590 2677 L.
676 2629 709 2676 8
757 2628 824 2677 ab
876 2627 1133 2678 extremis
1182 2626 1245 2676 A.
1329 2626 1646 2692 perficietur
1692 2626 1740 2676 P
1780 2632 1829 2676 el
1874 2626 2002 2676 liber

282 2714 584 2776 Cabeljauii.
667 2715 715 2762 t).
749 2712 812 2761 lo
840 2712 883 2762 L
917 2716 1138 2763 seclusit.
1210 2712 1306 2762 ille
1346 2727 1523 2762 rerum
1560 2712 1706 2761 caris
1744 2727 1912 2777 opera
1936 2710 1998 2763 P.

224 2781 253 2802 ι
285 2799 346 2848 10
385 2801 625 2865 genitrix
662 2797 726 2847 A.
846 2797 904 2846 11
946 2796 1408 2862 comprehendere
1445 2796 1508 2846 A.
1558 2795 1998 2861 conprehendere

284 2884 346 2935 P.
423 2884 483 2934 14
522 2899 681 2949 quum
719 2882 783 2931 A.

413 3003 583 3052 xxn.
653 3003 752 3051 DE
801 3001 975 3052 IOVE
1024 3001 1117 3051 ET
1170 2999 1443 3051 CVPIDO
1492 3000 1584 3049 ΕΤ
1631 2997 1885 3050 INVIDO
1933 2997 1997 3048 A.

279 3089 378 3139 DE
418 3086 689 3138 CVPIDO
728 3087 821 3136 ET
869 3085 1124 3136 INVIDO
1163 3085 1220 3135 C.
1301 3086 1332 3134 2
1370 3087 1493 3135 misi
1531 3084 1590 3135 P.
1672 3083 1705 3133 3
1742 3099 1862 3134 eum
1897 3082 1999 3132 duo

284 3172 346 3222 L.
420 3173 451 3221 4
490 3172 705 3221 iuuidus
743 3171 874 3224 libri.
914 3170 1117 3220 liuidus
1165 3171 1448 3235 W'ithofiuS.

1533 3251 1698 3322 ,Ἦ
