2502 3620
972 144 1254 185 FABVLAE
1884 133 1963 191 47

246 295 430 353 miror
464 312 715 374 namque
745 295 930 371 inagis
960 313 1106 373 quos
1136 313 1381 355 munera
1413 297 1624 355 mentis
1655 295 1962 365 adornant,

330 415 504 475 quam
536 397 635 475 qui
666 397 967 474 corporeis
997 398 1265 456 enituere
1295 396 1510 457 boniS.'
1904 406 1964 455 1⁶2

927 548 1293 623 XXXXI.

244 668 516 748 Inpulsus
547 671 739 728 uentis
771 676 829 728 et
860 688 1061 748 pressa
1094 669 1250 729 nube
1285 676 1521 729 coactns

330 779 570 850 ruperat
600 770 863 831 hibernis
894 790 955 830 se
987 773 1184 850 grauis
1213 771 1405 831 imber
1436 773 1616 851 aquis.

243 893 539 954 quomque
569 892 678 953 per
709 874 964 939 ecfossas
995 881 1295 951 stagnaret
1327 873 1559 934 turbine
1593 880 1830 943 terras‚‘

331 978 656 1055 expositum
692 978 913 1054 campis
944 975 1118 1035 fictile
1150 977 1366 1055 pressit
1396 995 1570 1054 opus:
1932 986 1963 1032 4

245 1078 462 1138 mobile
494 1097 745 1157 namque
778 1078 963 1138 lutum
993 1078 1226 1156 tepidus
1258 1078 1420 1156 prius
1451 1078 1688 1137 instruit
1718 1097 1849 1147 aer,

331 1180 513 1240 discat
541 1188 606 1240 ut
637 1179 870 1239 admoto
902 1181 1119 1239 rectius
1148 1181 1285 1257 igne
1317 1181 1505 1257 coqui.
1725 1180 1728 1183 ’

245 1290 384 1342 tnnc
418 1282 652 1341 nimbus
684 1280 907 1359 fragilis
937 1282 1226 1361 perquirit
1258 1282 1497 1340 nomina
1529 1287 1729 1341 testae.

329 1386 623 1444 inmemor
653 1382 749 1443 illa
781 1385 869 1443 sui
900 1383 1205 1461 ‘amphora
1240 1382 1429 1441 dicor’
1462 1384 1569 1442 ait:
1781 1437 1792 1449 ,
1931 1389 1964 1439 8

245 1488 404 1546 ‘nam
438 1506 532 1546 me
565 1486 732 1545 docta
765 1504 974 1545 manus
1004 1487 1272 1564 rapiente
1302 1483 1601 1557 uolumina
1633 1501 1775 1562 gyro

329 1587 584 1648 molliter
615 1586 912 1667 obliquom
943 1588 1111 1646 iussit
1141 1585 1362 1646 habere
1395 1585 1588 1647 latus?

246 1691 553 1750 ‘hactenus
584 1690 718 1749 hac’
752 1689 955 1768 inquid
989 1688 1187 1748 ‘liceat
1219 1695 1490 1748 constare
1521 1689 1735 1764 figura:

330 1812 463 1852 nam
498 1800 554 1853 te
586 1790 908 1851 subiectam
942 1784 1124 1851 diluet
1153 1789 1349 1850 imber
1381 1791 1589 1870 aquis?
1901 1796 1963 1846 12

245 1904 303 1955 et
333 1893 506 1955 simul
540 1901 782 1971 accepto
815 1892 1124 1952 violentius
1155 1911 1327 1953 amne
1359 1893 1633 1951 fatiscens

327 1998 572 2075 pronior
603 1997 664 2053 in
698 2002 903 2055 tenues
935 1996 1088 2054 uicta
1120 1995 1382 2054 cucurrit
1412 2010 1591 2072 aquas

242 2097 471 2166 infelix,
505 2116 654 2176 quae
687 2114 897 2173 magna
929 2095 1039 2155 sibi
1070 2098 1422 2175 cognomina
1452 2114 1690 2155 sumens

328 2218 466 2259 ausa
498 2206 624 2260 erat
655 2199 856 2258 atratis
887 2197 1140 2258 nubibus
1171 2200 1281 2258 ista
1311 2198 1489 2278 loqui.
1899 2204 1964 2255 16
2025 2267 2030 2272 ,

242 2369 411 2432 queat
458 2367 592 2416 libri.
629 2383 755 2446 rear
788 2366 850 2416 F.
947 2367 1007 2416 ll
1046 2367 1211 2417 miror
1247 2381 1478 2431 namque
1514 2366 1566 2416 F
1597 2367 1734 2428 (uide
1770 2366 1852 2429 41,
1889 2366 1959 2430 5).

240 2451 604 2514 miremurque
640 2453 772 2502 libri.
832 2451 890 2501 ll
930 2467 1155 2502 munera
1191 2455 1404 2501 nostros
1442 2450 1497 2499 C.
1578 2449 1653 2500 ll.
1699 2449 1757 2498 12
1793 2452 1966 2501 Laena

239 2552 447 2585 mannua
483 2537 702 2586 seclusit.

375 2621 616 2674 xxxxL
687 2622 786 2671 DE
834 2621 1111 2671 IMBRAE
1158 2621 1253 2671 ET
1298 2619 1715 2671 FICTILIBVS
1762 2621 1964 2672 VASIS

240 2705 307 2754 A.
345 2704 443 2755 DE
483 2705 677 2756 OLLA
716 2706 958 2756 CRVDA
993 2708 1032 2755 Α
1070 2706 1340 2756 FLVVIO
1389 2705 1626 2756 RAPTA
1669 2705 1725 2755 C.
1802 2704 1964 2754 1—14

239 2793 424 2840 darunt
450 2792 499 2840 in
526 2792 585 2840 P.
670 2790 701 2841 3
728 2806 939 2857 quoque
977 2808 1075 2856 per
1112 2791 1295 2841 fussas
1334 2790 1395 2840 A.
1460 2792 1682 2841 ecfusas
1718 2809 1767 2839 u.
1794 2807 1837 2840 e.
1870 2790 1963 2839 Ca-

241 2877 470 2938 beljtmii.
510 2876 712 2927 effusas
739 2875 795 2925 C.
828 2875 1028 2925 effusas
1068 2877 1478 2940 Canneyieterm.
1519 2876 1744 2925 effossas
1769 2875 1834 2927 L.
1929 2875 1961 2922 4

239 2979 478 3044 positum
504 2979 568 3027 A.
663 2979 696 3029 9
721 2994 864 3029 nunc
902 2980 1033 3030 libri.
1072 2993 1198 3027 nam
1225 2980 1346 3028 edil.
1373 2980 1627 3043 mztiquae.
1688 2976 1749 3025 12
1775 2941 1961 3025 deluot

240 3063 302 3111 G.
355 3062 509 3111 inber
533 3064 597 3112 A.
650 3063 728 3112 ait
756 3061 860 3113 AC.
938 3061 998 3112 14
1037 3067 1258 3113 teneras
1285 3062 1340 3112 C.
1416 3062 1626 3112 cucurit
1653 3061 1714 3115 A.
1789 3059 1866 3108 15.
1902 3060 1962 3109 1ss

166 3199 175 3207 ,
242 3148 596 3197 Laelmummts
628 3150 847 3198 seclusit.
960 3146 1020 3196 16
1055 3148 1390 3214 pharetratis
1427 3146 1531 3197 PC.
1569 3145 1857 3196 faretratis
1894 3144 1957 3194 A.
