<?xml version="1.0" encoding="UTF-8"?>
<!DOCTYPE html PUBLIC "-//W3C//DTD XHTML 1.0 Transitional//EN"
    "http://www.w3.org/TR/xhtml1/DTD/xhtml1-transitional.dtd">
<html xmlns="http://www.w3.org/1999/xhtml" xml:lang="en" lang="en">
 <head>
  <title>
</title>
<meta http-equiv="Content-Type" content="text/html;charset=utf-8" />
  <meta name='ocr-system' content='tesseract 3.04.00' />
  <meta name='ocr-capabilities' content='ocr_page ocr_carea ocr_par ocr_line ocrx_word'/>
</head>
<body>
  <div class='ocr_page' id='page_1' title='image "avianifabvlaexx00froegoog_0037.png"; bbox 0 0 2502 3620; ppageno 0'>
   <div class='ocr_carea' id='block_1_1' title="bbox 1016 117 2004 179">
    <p class='ocr_par' dir='ltr' id='par_1_1' title="bbox 1016 117 2004 179">
     <span class='ocr_line' id='line_1_1' title="bbox 1016 117 2004 179; baseline 0.007 -7"><span class='ocrx_word' id='word_1_1' title='bbox 1016 133 1295 174; x_wconf 77' lang='lat' dir='ltr'><strong>FABVLAE</strong></span> <span class='ocrx_word' id='word_1_2' title='bbox 1924 117 2004 179; x_wconf 85' lang='lat'><strong>21</strong></span> 
     </span>
    </p>
   </div>
   <div class='ocr_carea' id='block_1_2' title="bbox 286 282 2010 873">
    <p class='ocr_par' dir='ltr' id='par_1_2' title="bbox 286 282 2010 873">
     <span class='ocr_line' id='line_1_2' title="bbox 286 282 1588 362; baseline -0.001 -18"><span class='ocrx_word' id='word_1_3' title='bbox 286 284 384 344; x_wconf 89' lang='lat' dir='ltr'><strong>illa</strong></span> <span class='ocrx_word' id='word_1_4' title='bbox 418 284 555 344; x_wconf 88' lang='lat' dir='ltr'><strong>licet</strong></span> <span class='ocrx_word' id='word_1_5' title='bbox 584 282 742 343; x_wconf 90' lang='lat' dir='ltr'><strong>nullo</strong></span> <span class='ocrx_word' id='word_1_6' title='bbox 772 284 1086 362; x_wconf 87' lang='lat' dir='ltr'><strong>pinnarum</strong></span> <span class='ocrx_word' id='word_1_7' title='bbox 1119 289 1307 342; x_wconf 90' lang='lat' dir='ltr'><strong>certet</strong></span> <span class='ocrx_word' id='word_1_8' title='bbox 1335 283 1588 354; x_wconf 82' lang='lat' dir='ltr'><strong>honore,</strong></span> 
     </span>
     <span class='ocr_line' id='line_1_3' title="bbox 374 385 1648 446; baseline 0 0"><span class='ocrx_word' id='word_1_9' title='bbox 374 387 467 446; x_wconf 90' lang='lat' dir='ltr'><strong>his</strong></span> <span class='ocrx_word' id='word_1_10' title='bbox 498 392 694 445; x_wconf 86' lang='lat' dir='ltr'><strong>tamen</strong></span> <span class='ocrx_word' id='word_1_11' title='bbox 725 385 1010 446; x_wconf 82' lang='lat' dir='ltr'><strong>insultans</strong></span> <span class='ocrx_word' id='word_1_12' title='bbox 1039 385 1285 446; x_wconf 88' lang='lat' dir='ltr'><strong>uocibus</strong></span> <span class='ocrx_word' id='word_1_13' title='bbox 1315 404 1418 446; x_wconf 90' lang='lat' dir='ltr'><strong>usa</strong></span> <span class='ocrx_word' id='word_1_14' title='bbox 1451 385 1648 446; x_wconf 88' lang='lat' dir='ltr'><strong>datur:</strong></span> 
     </span>
     <span class='ocr_line' id='line_1_4' title="bbox 288 486 1767 568; baseline 0 -20"><span class='ocrx_word' id='word_1_15' title='bbox 288 490 580 568; x_wconf 77' lang='lat' dir='ltr'><strong>‘quamuis</strong></span> <span class='ocrx_word' id='word_1_16' title='bbox 608 491 955 549; x_wconf 87' lang='lat' dir='ltr'><strong>innumerus</strong></span> <span class='ocrx_word' id='word_1_17' title='bbox 984 486 1213 568; x_wconf 88' lang='lat' dir='ltr'><strong>plumas</strong></span> <span class='ocrx_word' id='word_1_18' title='bbox 1241 490 1563 548; x_wconf 88' lang='lat' dir='ltr'><strong>uariauerit</strong></span> <span class='ocrx_word' id='word_1_19' title='bbox 1593 488 1767 558; x_wconf 91' lang='lat' dir='ltr'><strong>ord0‚</strong></span> 
     </span>
     <span class='ocr_line' id='line_1_5' title="bbox 373 589 2010 670; baseline -0.003 -20"><span class='ocrx_word' id='word_1_20' title='bbox 373 609 602 651; x_wconf 91' lang='lat' dir='ltr'><strong>mersus</strong></span> <span class='ocrx_word' id='word_1_21' title='bbox 633 591 798 651; x_wconf 89' lang='lat' dir='ltr'><strong>humi</strong></span> <span class='ocrx_word' id='word_1_22' title='bbox 828 609 1063 670; x_wconf 78' lang='lat' dir='ltr'><strong>semper</strong></span> <span class='ocrx_word' id='word_1_23' title='bbox 1092 589 1302 651; x_wconf 88' lang='lat' dir='ltr'><strong>florida</strong></span> <span class='ocrx_word' id='word_1_24' title='bbox 1333 597 1498 667; x_wconf 86' lang='lat' dir='ltr'><strong>terga</strong></span> <span class='ocrx_word' id='word_1_25' title='bbox 1530 591 1714 667; x_wconf 83' lang='lat' dir='ltr'><strong>geris:</strong></span> <span class='ocrx_word' id='word_1_26' title='bbox 1945 596 2010 645; x_wconf 88' lang='lat'><strong>12</strong></span> 
     </span>
     <span class='ocr_line' id='line_1_6' title="bbox 293 691 1574 771; baseline 0 -20"><span class='ocrx_word' id='word_1_27' title='bbox 293 698 383 752; x_wconf 87' lang='lat' dir='ltr'><strong>ast</strong></span> <span class='ocrx_word' id='word_1_28' title='bbox 413 711 522 770; x_wconf 84' lang='lat' dir='ltr'><strong>ego</strong></span> <span class='ocrx_word' id='word_1_29' title='bbox 556 692 808 754; x_wconf 75' lang='lat' dir='ltr'><strong>deformi</strong></span> <span class='ocrx_word' id='word_1_30' title='bbox 838 691 1104 759; x_wconf 87' lang='lat' dir='ltr'><strong>sublimis</strong></span> <span class='ocrx_word' id='word_1_31' title='bbox 1133 694 1194 752; x_wconf 92' lang='lat' dir='ltr'><strong>in</strong></span> <span class='ocrx_word' id='word_1_32' title='bbox 1227 711 1363 752; x_wconf 86' lang='lat' dir='ltr'><strong>aera</strong></span> <span class='ocrx_word' id='word_1_33' title='bbox 1394 694 1574 771; x_wconf 85' lang='lat' dir='ltr'><strong>pinna</strong></span> 
     </span>
     <span class='ocr_line' id='line_1_7' title="bbox 371 792 1706 873; baseline 0 -19"><span class='ocrx_word' id='word_1_34' title='bbox 371 796 638 873; x_wconf 87' lang='lat' dir='ltr'><strong>proxima</strong></span> <span class='ocrx_word' id='word_1_35' title='bbox 671 794 962 855; x_wconf 88' lang='lat' dir='ltr'><strong>sideribus</strong></span> <span class='ocrx_word' id='word_1_36' title='bbox 993 792 1447 873; x_wconf 84' lang='lat' dir='ltr'><strong>numinibusque</strong></span> <span class='ocrx_word' id='word_1_37' title='bbox 1478 794 1706 872; x_wconf 34' lang='lat' dir='ltr'><strong>feror),</strong></span> 
     </span>
    </p>
   </div>
   <div class='ocr_carea' id='block_1_3' title="bbox 848 932 1253 1059">
    <p class='ocr_par' dir='ltr' id='par_1_3' title="bbox 848 932 1253 1059">
     <span class='ocr_line' id='line_1_8' title="bbox 848 932 1253 1059; baseline 0 -6"><span class='ocrx_word' id='word_1_38' title='bbox 848 932 849 935; x_wconf 34' lang='lat'>‘</span> <span class='ocrx_word' id='word_1_39' title='bbox 940 1056 941 1059; x_wconf 4' lang='grc' dir='ltr'><strong><em>Ν</em></strong></span> <span class='ocrx_word' id='word_1_40' title='bbox 1043 980 1253 1056; x_wconf 83' lang='lat' dir='ltr'><strong>XVI.</strong></span> 
     </span>
    </p>
   </div>
   <div class='ocr_carea' id='block_1_4' title="bbox 283 1135 2008 2338">
    <p class='ocr_par' dir='ltr' id='par_1_4' title="bbox 283 1135 2008 2338">
     <span class='ocr_line' id='line_1_9' title="bbox 287 1135 1708 1215; baseline 0 -19"><span class='ocrx_word' id='word_1_41' title='bbox 287 1135 582 1196; x_wconf 88' lang='lat' dir='ltr'><strong>Montibus</strong></span> <span class='ocrx_word' id='word_1_42' title='bbox 614 1155 644 1196; x_wconf 94' lang='lat' dir='ltr'><strong>e</strong></span> <span class='ocrx_word' id='word_1_43' title='bbox 676 1137 918 1195; x_wconf 92' lang='lat' dir='ltr'><strong>summis</strong></span> <span class='ocrx_word' id='word_1_44' title='bbox 948 1135 1228 1196; x_wconf 82' lang='lat' dir='ltr'><strong>radicitus</strong></span> <span class='ocrx_word' id='word_1_45' title='bbox 1260 1142 1424 1196; x_wconf 87' lang='lat' dir='ltr'><strong>eruta</strong></span> <span class='ocrx_word' id='word_1_46' title='bbox 1456 1153 1708 1215; x_wconf 88' lang='lat' dir='ltr'><strong>quercus</strong></span> 
     </span>
     <span class='ocr_line' id='line_1_10' title="bbox 375 1217 1781 1306; baseline 0 -10"><span class='ocrx_word' id='word_1_47' title='bbox 375 1236 591 1297; x_wconf 84' lang='lat' dir='ltr'><strong>decidit</strong></span> <span class='ocrx_word' id='word_1_48' title='bbox 622 1239 812 1297; x_wconf 86' lang='lat' dir='ltr'><strong>insani</strong></span> <span class='ocrx_word' id='word_1_49' title='bbox 841 1237 1077 1297; x_wconf 80' lang='lat' dir='ltr'><strong>turbine</strong></span> <span class='ocrx_word' id='word_1_50' title='bbox 1108 1240 1262 1297; x_wconf 87' lang='lat' dir='ltr'><strong>uicta</strong></span> <span class='ocrx_word' id='word_1_51' title='bbox 1296 1240 1449 1306; x_wconf 89' lang='lat' dir='ltr'><strong>noti;</strong></span> <span class='ocrx_word' id='word_1_52' title='bbox 1774 1217 1781 1225; x_wconf 55' lang='grc'><strong><em>’</em></strong></span> 
     </span>
     <span class='ocr_line' id='line_1_11' title="bbox 289 1338 1758 1419; baseline 0 -20"><span class='ocrx_word' id='word_1_53' title='bbox 289 1359 463 1419; x_wconf 90' lang='lat' dir='ltr'><strong>quam</strong></span> <span class='ocrx_word' id='word_1_54' title='bbox 494 1339 734 1398; x_wconf 89' lang='lat' dir='ltr'><strong>tumidis</strong></span> <span class='ocrx_word' id='word_1_55' title='bbox 764 1338 967 1399; x_wconf 81' lang='lat' dir='ltr'><strong>subter</strong></span> <span class='ocrx_word' id='word_1_56' title='bbox 1000 1339 1324 1399; x_wconf 77' lang='lat' dir='ltr'><strong>decurrens</strong></span> <span class='ocrx_word' id='word_1_57' title='bbox 1355 1338 1555 1399; x_wconf 88' lang='lat' dir='ltr'><strong>alueus</strong></span> <span class='ocrx_word' id='word_1_58' title='bbox 1583 1340 1758 1400; x_wconf 91' lang='lat' dir='ltr'><strong>undis</strong></span> 
     </span>
     <span class='ocr_line' id='line_1_12' title="bbox 373 1431 2008 1520; baseline -0.003 -18"><span class='ocrx_word' id='word_1_59' title='bbox 373 1443 614 1519; x_wconf 82' lang='lat' dir='ltr'><strong>suscipit</strong></span> <span class='ocrx_word' id='word_1_60' title='bbox 647 1448 704 1501; x_wconf 90' lang='lat' dir='ltr'><strong>et</strong></span> <span class='ocrx_word' id='word_1_61' title='bbox 733 1440 911 1502; x_wconf 88' lang='lat' dir='ltr'><strong>fluuio</strong></span> <span class='ocrx_word' id='word_1_62' title='bbox 942 1431 1367 1520; x_wconf 82' lang='lat' dir='ltr'><strong>praecipitante</strong></span> <span class='ocrx_word' id='word_1_63' title='bbox 1398 1443 1579 1520; x_wconf 84' lang='lat' dir='ltr'><strong>rapit:</strong></span> <span class='ocrx_word' id='word_1_64' title='bbox 1666 1484 1679 1497; x_wconf 96' lang='lat'><strong>.</strong></span> <span class='ocrx_word' id='word_1_65' title='bbox 1974 1449 2008 1498; x_wconf 89' lang='grc'>4</span> 
     </span>
     <span class='ocr_line' id='line_1_13' title="bbox 287 1543 1659 1623; baseline -0.001 -20"><span class='ocrx_word' id='word_1_66' title='bbox 287 1562 494 1603; x_wconf 89' lang='lat' dir='ltr'><strong>uerum</strong></span> <span class='ocrx_word' id='word_1_67' title='bbox 527 1543 629 1603; x_wconf 89' lang='lat' dir='ltr'><strong>ubi</strong></span> <span class='ocrx_word' id='word_1_68' title='bbox 660 1543 910 1604; x_wconf 88' lang='lat' dir='ltr'><strong>diuersis</strong></span> <span class='ocrx_word' id='word_1_69' title='bbox 938 1543 1242 1623; x_wconf 87' lang='lat' dir='ltr'><strong>inpellitur</strong></span> <span class='ocrx_word' id='word_1_70' title='bbox 1274 1543 1455 1603; x_wconf 89' lang='lat' dir='ltr'><strong>ardua</strong></span> <span class='ocrx_word' id='word_1_71' title='bbox 1486 1544 1659 1622; x_wconf 78' lang='lat' dir='ltr'><strong>ripiS,</strong></span> 
     </span>
     <span class='ocr_line' id='line_1_14' title="bbox 372 1644 1660 1725; baseline 0.002 -21"><span class='ocrx_word' id='word_1_72' title='bbox 372 1648 429 1704; x_wconf 91' lang='lat' dir='ltr'><strong>in</strong></span> <span class='ocrx_word' id='word_1_73' title='bbox 464 1645 688 1725; x_wconf 85' lang='lat' dir='ltr'><strong>fragilis</strong></span> <span class='ocrx_word' id='word_1_74' title='bbox 719 1645 974 1707; x_wconf 84' lang='lat' dir='ltr'><strong>calamos</strong></span> <span class='ocrx_word' id='word_1_75' title='bbox 1005 1645 1227 1724; x_wconf 85' lang='lat' dir='ltr'><strong>grande</strong></span> <span class='ocrx_word' id='word_1_76' title='bbox 1260 1644 1464 1705; x_wconf 90' lang='lat' dir='ltr'><strong>residit</strong></span> <span class='ocrx_word' id='word_1_77' title='bbox 1496 1664 1660 1706; x_wconf 83' lang='lat' dir='ltr'><strong>onuS.</strong></span> 
     </span>
     <span class='ocr_line' id='line_1_15' title="bbox 286 1749 1636 1827; baseline 0.001 -20"><span class='ocrx_word' id='word_1_78' title='bbox 286 1755 411 1807; x_wconf 89' lang='lat' dir='ltr'><strong>tum</strong></span> <span class='ocrx_word' id='word_1_79' title='bbox 443 1749 526 1807; x_wconf 88' lang='lat' dir='ltr'><strong>sic</strong></span> <span class='ocrx_word' id='word_1_80' title='bbox 560 1750 771 1827; x_wconf 84' lang='lat' dir='ltr'><strong>exiguo</strong></span> <span class='ocrx_word' id='word_1_81' title='bbox 803 1757 1119 1808; x_wconf 87' lang='lat' dir='ltr'><strong>conectens</strong></span> <span class='ocrx_word' id='word_1_82' title='bbox 1150 1749 1407 1826; x_wconf 88' lang='lat' dir='ltr'><strong>caespite</strong></span> <span class='ocrx_word' id='word_1_83' title='bbox 1439 1765 1636 1808; x_wconf 88' lang='lat' dir='ltr'><strong>ramos</strong></span> 
     </span>
     <span class='ocr_line' id='line_1_16' title="bbox 372 1833 2006 1930; baseline -0.002 -19"><span class='ocrx_word' id='word_1_84' title='bbox 372 1852 620 1911; x_wconf 89' lang='lat' dir='ltr'><strong>miratur</strong></span> <span class='ocrx_word' id='word_1_85' title='bbox 651 1833 887 1930; x_wconf 85' lang='lat' dir='ltr'><strong>liquidis</strong></span> <span class='ocrx_word' id='word_1_86' title='bbox 920 1851 1076 1929; x_wconf 87' lang='lat' dir='ltr'><strong>quod</strong></span> <span class='ocrx_word' id='word_1_87' title='bbox 1107 1857 1222 1910; x_wconf 90' lang='lat' dir='ltr'><strong>stet</strong></span> <span class='ocrx_word' id='word_1_88' title='bbox 1251 1850 1521 1911; x_wconf 86' lang='lat' dir='ltr'><strong>harundo</strong></span> <span class='ocrx_word' id='word_1_89' title='bbox 1552 1850 1748 1910; x_wconf 88' lang='lat' dir='ltr'><strong>uadis:</strong></span> <span class='ocrx_word' id='word_1_90' title='bbox 1973 1856 2006 1908; x_wconf 90' lang='lat'><em>8</em></span> 
     </span>
     <span class='ocr_line' id='line_1_17' title="bbox 286 1952 1865 2032; baseline 0 -20"><span class='ocrx_word' id='word_1_91' title='bbox 286 1972 349 2013; x_wconf 90' lang='lat' dir='ltr'><strong>se</strong></span> <span class='ocrx_word' id='word_1_92' title='bbox 379 1971 610 2032; x_wconf 89' lang='lat' dir='ltr'><strong>quoque</strong></span> <span class='ocrx_word' id='word_1_93' title='bbox 641 1959 761 2012; x_wconf 92' lang='lat' dir='ltr'><strong>tam</strong></span> <span class='ocrx_word' id='word_1_94' title='bbox 791 1959 957 2013; x_wconf 89' lang='lat' dir='ltr'><strong>uasto</strong></span> <span class='ocrx_word' id='word_1_95' title='bbox 990 1952 1238 2012; x_wconf 90' lang='lat' dir='ltr'><strong>necdum</strong></span> <span class='ocrx_word' id='word_1_96' title='bbox 1272 1955 1596 2013; x_wconf 89' lang='lat' dir='ltr'><strong>consistere</strong></span> <span class='ocrx_word' id='word_1_97' title='bbox 1626 1960 1865 2022; x_wconf 77' lang='lat' dir='ltr'><strong>trunCO‚</strong></span> 
     </span>
     <span class='ocr_line' id='line_1_18' title="bbox 373 2054 1518 2116; baseline 0 -1"><span class='ocrx_word' id='word_1_98' title='bbox 373 2062 460 2115; x_wconf 81' lang='lat' dir='ltr'><strong>ast</strong></span> <span class='ocrx_word' id='word_1_99' title='bbox 489 2054 647 2115; x_wconf 87' lang='lat' dir='ltr'><strong>illam</strong></span> <span class='ocrx_word' id='word_1_100' title='bbox 679 2057 841 2114; x_wconf 91' lang='lat' dir='ltr'><strong>tenui</strong></span> <span class='ocrx_word' id='word_1_101' title='bbox 873 2056 1092 2114; x_wconf 89' lang='lat' dir='ltr'><strong>cortice</strong></span> <span class='ocrx_word' id='word_1_102' title='bbox 1124 2055 1280 2114; x_wconf 83' lang='lat' dir='ltr'><strong>ferre</strong></span> <span class='ocrx_word' id='word_1_103' title='bbox 1311 2056 1518 2116; x_wconf 80' lang='lat' dir='ltr'><strong>minas,</strong></span> 
     </span>
     <span class='ocr_line' id='line_1_19' title="bbox 283 2156 1831 2236; baseline 0 -19"><span class='ocrx_word' id='word_1_104' title='bbox 283 2157 527 2218; x_wconf 89' lang='lat' dir='ltr'><strong>stridula</strong></span> <span class='ocrx_word' id='word_1_105' title='bbox 560 2176 695 2217; x_wconf 88' lang='lat' dir='ltr'><strong>mox</strong></span> <span class='ocrx_word' id='word_1_106' title='bbox 726 2156 940 2217; x_wconf 89' lang='lat' dir='ltr'><strong>blando</strong></span> <span class='ocrx_word' id='word_1_107' title='bbox 972 2157 1340 2236; x_wconf 86' lang='lat' dir='ltr'><strong>respondens</strong></span> <span class='ocrx_word' id='word_1_108' title='bbox 1372 2176 1559 2217; x_wconf 87' lang='lat' dir='ltr'><strong>canna</strong></span> <span class='ocrx_word' id='word_1_109' title='bbox 1591 2176 1831 2217; x_wconf 91' lang='lat' dir='ltr'><strong>susurro</strong></span> 
     </span>
     <span class='ocr_line' id='line_1_20' title="bbox 372 2253 2007 2338; baseline -0.002 -19"><span class='ocrx_word' id='word_1_110' title='bbox 372 2278 549 2338; x_wconf 86' lang='lat' dir='ltr'><strong>seque</strong></span> <span class='ocrx_word' id='word_1_111' title='bbox 580 2261 767 2337; x_wconf 85' lang='lat' dir='ltr'><strong>magis</strong></span> <span class='ocrx_word' id='word_1_112' title='bbox 798 2266 980 2319; x_wconf 89' lang='lat' dir='ltr'><strong>tutam</strong></span> <span class='ocrx_word' id='word_1_113' title='bbox 1014 2258 1312 2319; x_wconf 89' lang='lat' dir='ltr'><strong>debilitate</strong></span> <span class='ocrx_word' id='word_1_114' title='bbox 1345 2253 1591 2319; x_wconf 86' lang='lat' dir='ltr'><strong>docens:</strong></span> <span class='ocrx_word' id='word_1_115' title='bbox 1942 2268 2007 2316; x_wconf 81' lang='grc'><strong>12</strong></span> 
     </span>
    </p>
   </div>
   <div class='ocr_carea' id='block_1_5' title="bbox 285 2398 691 2405">
    <p class='ocr_par' dir='ltr' id='par_1_5' title="bbox 285 2398 691 2405">
     <span class='ocr_line' id='line_1_21' title="bbox 285 2398 691 2405; baseline 0 0"><span class='ocrx_word' id='word_1_116' title='bbox 285 2398 691 2405; x_wconf 95' lang='lat' dir='ltr'><strong> </strong></span> 
     </span>
    </p>
   </div>
   <div class='ocr_carea' id='block_1_6' title="bbox 285 2462 2010 3192">
    <p class='ocr_par' dir='ltr' id='par_1_6' title="bbox 285 2462 2010 2614">
     <span class='ocr_line' id='line_1_22' title="bbox 285 2462 2010 2529; baseline 0 -15"><span class='ocrx_word' id='word_1_117' title='bbox 285 2469 414 2516; x_wconf 73' lang='lat' dir='ltr'><strong>nore</strong></span> <span class='ocrx_word' id='word_1_118' title='bbox 450 2465 510 2515; x_wconf 89' lang='lat' dir='ltr'><strong>P.</strong></span> <span class='ocrx_word' id='word_1_119' title='bbox 596 2463 659 2514; x_wconf 92' lang='grc'><strong>10</strong></span> <span class='ocrx_word' id='word_1_120' title='bbox 694 2465 742 2513; x_wconf 83' lang='lat' dir='ltr'><strong>is</strong></span> <span class='ocrx_word' id='word_1_121' title='bbox 779 2463 840 2512; x_wconf 92' lang='lat' dir='ltr'><strong>P.</strong></span> <span class='ocrx_word' id='word_1_122' title='bbox 912 2463 1212 2513; x_wconf 81' lang='lat' dir='ltr'><strong>insulstans</strong></span> <span class='ocrx_word' id='word_1_123' title='bbox 1249 2462 1314 2512; x_wconf 88' lang='lat' dir='ltr'><strong>A.</strong></span> <span class='ocrx_word' id='word_1_124' title='bbox 1387 2478 1487 2513; x_wconf 86' lang='lat' dir='ltr'><strong>usu</strong></span> <span class='ocrx_word' id='word_1_125' title='bbox 1523 2462 1587 2513; x_wconf 88' lang='lat' dir='ltr'><strong>P.</strong></span> <span class='ocrx_word' id='word_1_126' title='bbox 1663 2462 1720 2512; x_wconf 91' lang='lat'><strong>11</strong></span> <span class='ocrx_word' id='word_1_127' title='bbox 1763 2479 1922 2529; x_wconf 84' lang='lat' dir='ltr'><strong>quam</strong></span> <span class='ocrx_word' id='word_1_128' title='bbox 1959 2471 2010 2514; x_wconf 84' lang='lat' dir='ltr'><strong>et</strong></span> 
     </span>
     <span class='ocr_line' id='line_1_23' title="bbox 286 2547 1668 2614; baseline -0.001 -14"><span class='ocrx_word' id='word_1_129' title='bbox 286 2549 588 2600; x_wconf 81' lang='lat' dir='ltr'><strong>uarieuerit</strong></span> <span class='ocrx_word' id='word_1_130' title='bbox 623 2549 684 2599; x_wconf 91' lang='lat' dir='ltr'><strong>P.</strong></span> <span class='ocrx_word' id='word_1_131' title='bbox 759 2549 821 2599; x_wconf 88' lang='grc'><strong>13</strong></span> <span class='ocrx_word' id='word_1_132' title='bbox 863 2565 990 2599; x_wconf 87' lang='lat' dir='ltr'><strong>aere</strong></span> <span class='ocrx_word' id='word_1_133' title='bbox 1029 2550 1226 2614; x_wconf 88' lang='lat' dir='ltr'><strong>pennis</strong></span> <span class='ocrx_word' id='word_1_134' title='bbox 1265 2547 1328 2598; x_wconf 82' lang='lat' dir='ltr'><strong>A.</strong></span> <span class='ocrx_word' id='word_1_135' title='bbox 1398 2549 1570 2614; x_wconf 82' lang='lat' dir='ltr'><strong>pinna.</strong></span> <span class='ocrx_word' id='word_1_136' title='bbox 1607 2547 1668 2598; x_wconf 90' lang='lat' dir='ltr'><strong>P.</strong></span> 
     </span>
    </p>

    <p class='ocr_par' dir='ltr' id='par_1_7' title="bbox 285 2632 2008 3192">
     <span class='ocr_line' id='line_1_24' title="bbox 366 2632 2006 2696; baseline -0.001 -12"><span class='ocrx_word' id='word_1_137' title='bbox 366 2633 373 2637; x_wconf 50' lang='lat'><strong>⁴</strong></span> <span class='ocrx_word' id='word_1_138' title='bbox 417 2637 556 2684; x_wconf 80' lang='lat' dir='ltr'><strong>XVI.</strong></span> <span class='ocrx_word' id='word_1_139' title='bbox 615 2636 714 2684; x_wconf 89' lang='lat' dir='ltr'><strong>DE</strong></span> <span class='ocrx_word' id='word_1_140' title='bbox 742 2634 1035 2696; x_wconf 78' lang='lat' dir='ltr'>QVERCV</span> <span class='ocrx_word' id='word_1_141' title='bbox 1059 2635 1154 2684; x_wconf 88' lang='lat' dir='ltr'><strong>ET</strong></span> <span class='ocrx_word' id='word_1_142' title='bbox 1181 2632 1609 2684; x_wconf 85' lang='lat' dir='ltr'><strong>HARVNDINE</strong></span> <span class='ocrx_word' id='word_1_143' title='bbox 1638 2633 1703 2683; x_wconf 85' lang='lat' dir='ltr'><strong>A.</strong></span> <span class='ocrx_word' id='word_1_144' title='bbox 1758 2634 1857 2683; x_wconf 85' lang='lat' dir='ltr'><strong>DE</strong></span> <span class='ocrx_word' id='word_1_145' title='bbox 1885 2633 2006 2683; x_wconf 89' lang='lat' dir='ltr'><strong>RO-</strong></span> 
     </span>
     <span class='ocr_line' id='line_1_25' title="bbox 285 2717 2005 2770; baseline -0.001 0"><span class='ocrx_word' id='word_1_146' title='bbox 285 2720 478 2770; x_wconf 85' lang='lat' dir='ltr'>BORE</span> <span class='ocrx_word' id='word_1_147' title='bbox 525 2720 621 2769; x_wconf 88' lang='lat' dir='ltr'><strong>ET</strong></span> <span class='ocrx_word' id='word_1_148' title='bbox 668 2718 963 2768; x_wconf 88' lang='lat' dir='ltr'>CALAMO</span> <span class='ocrx_word' id='word_1_149' title='bbox 1014 2718 1070 2767; x_wconf 89' lang='lat' dir='ltr'><strong>C.</strong></span> <span class='ocrx_word' id='word_1_150' title='bbox 1158 2717 1179 2767; x_wconf 92' lang='lat' dir='ltr'><strong>l</strong></span> <span class='ocrx_word' id='word_1_151' title='bbox 1229 2717 1508 2768; x_wconf 86' lang='lat' dir='ltr'><strong>radicibus</strong></span> <span class='ocrx_word' id='word_1_152' title='bbox 1546 2719 1604 2769; x_wconf 89' lang='lat' dir='ltr'><strong>C.</strong></span> <span class='ocrx_word' id='word_1_153' title='bbox 1685 2720 1717 2768; x_wconf 87' lang='lat'>2</span> <span class='ocrx_word' id='word_1_154' title='bbox 1763 2718 1899 2769; x_wconf 82' lang='lat' dir='ltr'><strong>dicit</strong></span> <span class='ocrx_word' id='word_1_155' title='bbox 1945 2719 2005 2769; x_wconf 89' lang='lat' dir='ltr'><strong>P.</strong></span> 
     </span>
     <span class='ocr_line' id='line_1_26' title="bbox 286 2801 2005 2869; baseline 0.001 -16"><span class='ocrx_word' id='word_1_156' title='bbox 286 2804 443 2854; x_wconf 84' lang='lat' dir='ltr'><strong>nothi</strong></span> <span class='ocrx_word' id='word_1_157' title='bbox 479 2805 613 2854; x_wconf 80' lang='lat' dir='ltr'><strong>libri.</strong></span> <span class='ocrx_word' id='word_1_158' title='bbox 685 2803 716 2853; x_wconf 88' lang='lat'><strong>3</strong></span> <span class='ocrx_word' id='word_1_159' title='bbox 752 2802 959 2852; x_wconf 83' lang='lat' dir='ltr'><strong>timidis</strong></span> <span class='ocrx_word' id='word_1_160' title='bbox 998 2801 1042 2850; x_wconf 84' lang='lat' dir='ltr'><strong><em>C</em></strong></span> <span class='ocrx_word' id='word_1_161' title='bbox 1084 2819 1116 2852; x_wconf 84' lang='lat' dir='ltr'><em>a</em></span> <span class='ocrx_word' id='word_1_162' title='bbox 1155 2806 1325 2867; x_wconf 78' lang='lat' dir='ltr'><strong>prima</strong></span> <span class='ocrx_word' id='word_1_163' title='bbox 1360 2821 1522 2854; x_wconf 81' lang='lat' dir='ltr'><strong>manu.</strong></span> <span class='ocrx_word' id='word_1_164' title='bbox 1594 2805 1627 2853; x_wconf 88' lang='lat'>4</span> <span class='ocrx_word' id='word_1_165' title='bbox 1663 2805 1908 2869; x_wconf 81' lang='lat' dir='ltr'><strong>suscepit</strong></span> <span class='ocrx_word' id='word_1_166' title='bbox 1944 2803 2005 2854; x_wconf 88' lang='lat' dir='ltr'><strong>P.</strong></span> 
     </span>
     <span class='ocr_line' id='line_1_27' title="bbox 286 2887 2006 2953; baseline 0 -15"><span class='ocrx_word' id='word_1_167' title='bbox 286 2890 317 2939; x_wconf 87' lang='lat'>5</span> <span class='ocrx_word' id='word_1_168' title='bbox 354 2889 497 2953; x_wconf 84' lang='lat' dir='ltr'><strong>nipis</strong></span> <span class='ocrx_word' id='word_1_169' title='bbox 523 2888 584 2938; x_wconf 90' lang='lat' dir='ltr'><strong>P.</strong></span> <span class='ocrx_word' id='word_1_170' title='bbox 655 2887 688 2938; x_wconf 83' lang='lat'>6</span> <span class='ocrx_word' id='word_1_171' title='bbox 725 2888 944 2953; x_wconf 85' lang='lat' dir='ltr'><strong>fragilis</strong></span> <span class='ocrx_word' id='word_1_172' title='bbox 979 2906 1026 2938; x_wconf 83' lang='lat' dir='ltr'><strong>u.</strong></span> <span class='ocrx_word' id='word_1_173' title='bbox 1054 2904 1097 2938; x_wconf 82' lang='lat' dir='ltr'><strong>e.</strong></span> <span class='ocrx_word' id='word_1_174' title='bbox 1138 2888 1439 2951; x_wconf 73' lang='lat' dir='ltr'><strong>GabeIJauii.</strong></span> <span class='ocrx_word' id='word_1_175' title='bbox 1542 2889 1737 2939; x_wconf 83' lang='lat' dir='ltr'><strong>residit</strong></span> <span class='ocrx_word' id='word_1_176' title='bbox 1760 2888 1821 2939; x_wconf 89' lang='lat' dir='ltr'><strong>P.</strong></span> <span class='ocrx_word' id='word_1_177' title='bbox 1860 2905 2006 2938; x_wconf 89' lang='lat' dir='ltr'><strong>rese-</strong></span> 
     </span>
     <span class='ocr_line' id='line_1_28' title="bbox 289 2971 2008 3038; baseline 0 -18"><span class='ocrx_word' id='word_1_178' title='bbox 289 2971 370 3020; x_wconf 80' lang='lat' dir='ltr'><strong>dit</strong></span> <span class='ocrx_word' id='word_1_179' title='bbox 406 2971 512 3021; x_wconf 82' lang='lat' dir='ltr'><strong>AC.</strong></span> <span class='ocrx_word' id='word_1_180' title='bbox 620 2972 649 3021; x_wconf 94' lang='lat'><strong>7</strong></span> <span class='ocrx_word' id='word_1_181' title='bbox 686 2978 798 3023; x_wconf 87' lang='lat' dir='ltr'><strong>tum</strong></span> <span class='ocrx_word' id='word_1_182' title='bbox 837 2972 945 3022; x_wconf 81' lang='lat' dir='ltr'><strong>AC.</strong></span> <span class='ocrx_word' id='word_1_183' title='bbox 1018 2977 1148 3023; x_wconf 86' lang='lat' dir='ltr'><strong>tunc</strong></span> <span class='ocrx_word' id='word_1_184' title='bbox 1187 2988 1229 3022; x_wconf 77' lang='grc' dir='ltr'><strong>ε.</strong></span> <span class='ocrx_word' id='word_1_185' title='bbox 1259 2982 1447 3038; x_wconf 77' lang='lat' dir='ltr'><strong>‘exguo</strong></span> <span class='ocrx_word' id='word_1_186' title='bbox 1487 2973 1549 3023; x_wconf 93' lang='lat' dir='ltr'><strong>P.</strong></span> <span class='ocrx_word' id='word_1_187' title='bbox 1623 2974 1804 3038; x_wconf 87' lang='lat' dir='ltr'><strong>cepite</strong></span> <span class='ocrx_word' id='word_1_188' title='bbox 1841 2972 1903 3022; x_wconf 92' lang='lat' dir='ltr'><strong>P.</strong></span> <span class='ocrx_word' id='word_1_189' title='bbox 1975 2974 2008 3020; x_wconf 82' lang='lat'>8</span> 
     </span>
     <span class='ocr_line' id='line_1_29' title="bbox 288 3056 2004 3121; baseline 0.001 -16"><span class='ocrx_word' id='word_1_190' title='bbox 288 3056 494 3107; x_wconf 84' lang='lat' dir='ltr'><strong>arundo</strong></span> <span class='ocrx_word' id='word_1_191' title='bbox 530 3057 590 3106; x_wconf 90' lang='lat' dir='ltr'><strong>P.</strong></span> <span class='ocrx_word' id='word_1_192' title='bbox 695 3056 730 3106; x_wconf 86' lang='lat'>9</span> <span class='ocrx_word' id='word_1_193' title='bbox 765 3062 974 3107; x_wconf 87' lang='lat' dir='ltr'><strong>rectum</strong></span> <span class='ocrx_word' id='word_1_194' title='bbox 1012 3057 1067 3106; x_wconf 86' lang='lat' dir='ltr'><strong>C.</strong></span> <span class='ocrx_word' id='word_1_195' title='bbox 1167 3074 1273 3108; x_wconf 85' lang='lat' dir='ltr'><strong>nee</strong></span> <span class='ocrx_word' id='word_1_196' title='bbox 1311 3060 1456 3110; x_wconf 89' lang='lat' dir='ltr'><strong>enim</strong></span> <span class='ocrx_word' id='word_1_197' title='bbox 1495 3057 1558 3108; x_wconf 89' lang='lat' dir='ltr'><strong>L.</strong></span> <span class='ocrx_word' id='word_1_198' title='bbox 1642 3057 1702 3108; x_wconf 76' lang='lat'><strong>12</strong></span> <span class='ocrx_word' id='word_1_199' title='bbox 1750 3058 1906 3121; x_wconf 81' lang='lat' dir='ltr'><strong>sequi</strong></span> <span class='ocrx_word' id='word_1_200' title='bbox 1943 3056 2004 3106; x_wconf 90' lang='lat' dir='ltr'><strong>P.</strong></span> 
     </span>
     <span class='ocr_line' id='line_1_30' title="bbox 287 3141 962 3192; baseline 0.003 -2"><span class='ocrx_word' id='word_1_201' title='bbox 287 3141 449 3191; x_wconf 84' lang='lat' dir='ltr'><strong>docet</strong></span> <span class='ocrx_word' id='word_1_202' title='bbox 492 3143 622 3192; x_wconf 78' lang='lat' dir='ltr'><strong>libri.</strong></span> <span class='ocrx_word' id='word_1_203' title='bbox 662 3143 863 3192; x_wconf 85' lang='lat' dir='ltr'><strong>docens</strong></span> <span class='ocrx_word' id='word_1_204' title='bbox 900 3142 962 3192; x_wconf 81' lang='lat' dir='ltr'><strong>L.</strong></span> 
     </span>
    </p>
   </div>
  </div>
 </body>
</html>
