2502 3620
1057 81 1278 126 mmm
1930 70 1966 129 7
1972 69 2009 129 9

1036 282 1265 348 XXX.

419 430 625 503 Aprum
667 436 878 500 segetes
924 428 1327 505 conculcantem
1371 427 1760 500 conprehendit
1804 442 2013 482 messor

295 538 348 584 et
380 546 562 586 aurem
587 530 687 585 sibi
717 529 1037 585 abscindens
1061 529 1182 584 inde
1205 515 1591 601 eum⁶sugauit,
1624 537 1684 584 ut
1718 529 1808 584 tali
1839 544 2010 603 poena

295 634 624 706 perterritus
665 632 793 689 illuc
835 631 1064 706 amplius
1095 650 1205 687 non
1236 632 1465 686 ueniret.
1527 630 1629 686 Sed
1662 631 1898 686 secundo
1932 646 2015 685 re-

297 733 450 790 diens
481 734 703 791 alteram
735 750 918 790 aurem
950 733 1212 807 perdidit;
1256 734 1320 790 ad
1351 733 1455 790 hoc
1497 735 1686 790 harum
1718 749 2014 806 poenarum

296 837 578 892 immemor
621 838 781 892 tertio
827 836 1040 891 rediens
1083 853 1112 890 a
1151 852 1394 891 messore
1453 834 1911 909 conprehenditur
1964 842 2018 889 et

288 945 522 1001 ‚necatur
564 945 618 992 et
659 938 711 994 in
759 938 932 994 frusta
974 945 1291 1000 consectuS,
1335 937 1567 992 diuersis
1611 938 1675 993 de
1716 953 1779 993 eo
1812 938 2017 1010 paratis

296 1038 528 1102 cibariiS,
563 1041 761 1095 mensis
792 1040 992 1095 domini
1025 1041 1107 1097 sui
1136 1042 1444 1113 apponitur.
1478 1040 1649 1095 Corde
1679 1056 1812 1094 uero
1845 1040 2016 1112 petito

299 1159 326 1197 a
358 1141 574 1197 domino
603 1158 704 1198 nec
735 1144 988 1208 inuent0‚
1034 1144 1150 1198 coci
1181 1130 1447 1214 gulositas
1485 1149 1805 1203 accusatur,
1838 1142 1931 1214 qui
1963 1156 2021 1196 se

299 1260 558 1299 excusans
601 1245 701 1300 ait:
750 1241 915 1317 ‘aper
956 1245 1059 1298 istc
1104 1242 1335 1299 stolidus
1380 1235 1719 1300 nullum‘cor
1748 1242 1936 1298 habuit
1967 1249 2020 1296 et

300 1344 417 1400 ideo
463 1360 560 1401 nec
602 1348 913 1402 memoriam
960 1361 1059 1400 nec
1100 1347 1378 1401 timorem:
1440 1345 1679 1418 alioquin
1710 1342 2021 1400 nullatenus

301 1447 532 1502 redisset
574 1447 638 1502 ad
681 1447 859 1504 locum
909 1446 998 1502 ubi
1046 1448 1251 1503 tociens
1285 1446 1461 1503 suerat
1495 1444 1897 1502 tormentatus.'
1957 1445 2022 1500 Et

299 1549 657 1606 laudauerunt
701 1565 889 1606 cocum
937 1564 1000 1604 eo
1055 1548 1199 1621 quod
1250 1566 1315 1619 se,
1363 1549 1638 1605 curialiter
1690 1555 2018 1605 excusasset.

300 1651 443 1724 Aper
485 1653 664 1723 signat
718 1651 973 1707 stolidum
1025 1669 1053 1707 a
1107 1653 1221 1706 suis
1262 1667 1556 1724 numquam
1608 1651 2018 1724 resipiscentem

303 1754 567 1827 peccam,
600 1753 741 1808 unde
771 1753 995 1810 dicitur:

389 1874 518 1929 haec
547 1873 672 1929 illos
703 1860 972 1947 descripta
1003 1880 1249 1935 monent,
1284 1874 1376 1947 qui
1408 1873 1621 1945 saepius
1654 1873 1770 1928 ausi

473 1993 764 2049 numquam
796 1978 1032 2049 peccatis
1064 1973 1374 2032 abstinuere
1405 1991 1637 2030 manum.

1030 2206 1296 2271 XXXI.

435 2349 666 2408 Taurum
710 2352 764 2406 in
807 2358 964 2423 prato
997 2352 1363 2424 quiescentem
1401 2366 1518 2404 mus
1548 2350 1603 2404 in
1633 2363 1763 2404 aure
1792 2364 2027 2404 momor-

246 2432 253 2436 ”
310 2453 386 2509 dit
417 2460 469 2508 et
499 2454 554 2508 in
584 2468 815 2514 cauerna
846 2470 943 2508 sua
972 2454 1226 2526 protinus
1260 2467 1317 2506 se
1347 2450 1646 2507 abscondit.
1691 2451 1901 2508 Taurus
1931 2453 2030 2507 ita-

312 2570 416 2628 que
456 2563 620 2628 caput
658 2553 845 2610 leuans
889 2562 1049 2610 toruo
1081 2553 1449 2627 conspiciebat
1480 2553 1636 2609 oculo
1669 2553 1734 2608 de
1765 2555 2033 2627 inquieta-

316 2665 431 2712 tore
476 2675 574 2713 suo
621 2674 678 2712 se
720 2659 942 2730 cupiens
975 2657 1265 2714 uindicare.
1325 2656 1489 2712 Cuius
1520 2655 1947 2727 indignacionem
1978 2663 2033 2710 et

312 2760 485 2814 minas
530 2777 650 2815 inus
692 2761 746 2814 in
793 2777 891 2815 suo
948 2759 1226 2815 foraminis
1268 2756 1514 2815 anfractu
1550 2755 1788 2814 'securus
1845 2758 2033 2814 derisit

313 2862 601 2935 ipsumque
632 2860 814 2917 uerbis
846 2859 1044 2918 talibus
1075 2862 1343 2917 irritauit:

400 2997 540 3054 enon
573 2998 716 3074 quod
747 3014 938 3072 magna
970 2997 1067 3054 tibi
1101 2997 1409 3053 tribuerunt
1439 2996 1677 3052 membra
1706 3003 1989 3069 parentes,

485 3101 694 3158 uiribus
726 3103 972 3158 effectum
1005 3102 1341 3158 constituere
1377 3101 1500 3157 tuiS.
