2502 3620
512 135 591 197 68
1198 164 1202 168 ·
1231 155 1515 198 APOLOGI

512 302 759 361 sublimia
801 305 1103 362 deuexisset
1146 316 1201 363 et
1248 311 1515 382 promissa
1566 312 1948 385 perpendisset
1999 313 2236 376 fallacia,

511 421 627 460 eam
671 406 862 462 cadere
904 424 1068 480 super
1110 425 1300 483 rupem
1342 413 1617 484 permisit,
1660 420 1714 468 et
1758 414 2035 472 confracta
2065 417 2238 489 periit

515 507 852 565 tabescendo.

512 624 598 682 Sic
629 629 953 701 quicumque
983 646 1124 686 noua
1155 629 1405 688 sublatus
1434 631 1592 689 laude
1624 637 1877 691 tumescit

595 727 686 784 dat
715 732 910 786 merito
942 747 1172 804 poenas,
1216 732 1343 788 dum
1374 734 1532 790 nimis
1563 735 1672 792 alta
1702 738 1868 810 cupit.

1265 913 1393 979 III.

678 1052 879 1108 Cancer
917 1051 1087 1108 filium
1130 1072 1288 1110 suum
1330 1059 1593 1114 conuiciis
1633 1059 1947 1134 increpabat
1988 1076 2049 1116 eo
2083 1061 2239 1134 quod

511 1153 776 1208 tortuosis
828 1154 1110 1225 gressibus
1161 1158 1435 1215 incederet
1486 1169 1542 1215 et
1593 1159 1827 1234 oblique.
1887 1161 1990 1218 Sed
2033 1180 2155 1218 cum
2204 1183 2238 1220 a

509 1252 618 1308 filio
673 1254 967 1327 requisitus
1019 1260 1320 1333 exemplum
1374 1270 1428 1316 et
1483 1261 1710 1319 formam
1754 1272 1900 1319 recte
1952 1264 2238 1337 gradiendi

512 1362 798 1430 temptaret
852 1359 1137 1416 ostendere
1189 1378 1290 1418 nec
1342 1363 1575 1428 ualeret,
1647 1365 1822 1422 sactus
1870 1373 1955 1421 est
2007 1366 2118 1422 filio
2173 1368 2235 1422 in

511 1457 766 1513 derisum.

508 1575 637 1631 Nam
670 1577 895 1632 stultum
925 1580 1084 1635 nimis
1115 1589 1225 1644 est,
1259 1602 1378 1640 eum
1413 1594 1471 1641 tu
1500 1587 1824 1661 prauissima
1845 1593 2113 1660 temptes,

594 1677 817 1734 alterius
848 1696 1043 1737 censor
1070 1690 1132 1737 ut
1161 1685 1367 1743 niciosa
1395 1696 1571 1745 notes,

1282 1853 1447 1919 IIII.

633 2000 762 2056 Cum
814 2001 1063 2057 Phoebus
1113 2009 1168 2057 et
1216 2001 1414 2057 Boreas
1466 1999 1532 2054 de
1582 1997 1978 2070 praeminencia
2027 1996 2233 2052 uirium

510 2101 897 2158 contenderent
939 2119 1119 2159 coram
1163 2102 1289 2157 Ioue
1308 2145 1321 2164 ‚
1366 2101 1512 2157 litem
1543 2102 1599 2156 in
1628 2101 1732 2156 hoc
1762 2106 2073 2155 statuerunt
2103 2116 2234 2155 con-

509 2203 746 2258 corditer
794 2204 1204 2266 terminandam,
1249 2212 1311 2259 ut
1351 2203 1441 2258 ille
1480 2203 1693 2259 uiribus
1724 2201 2091 2276 praeualeret‚
2136 2202 2232 2274 qui

510 2306 621 2360 suis
665 2308 823 2362 citius
867 2307 1131 2381 spoliaret
1172 2305 1420 2362 uestibus
1462 2308 1745 2362 uiatorem.
1815 2303 2003 2360 Flante
2044 2304 2233 2376 itaque

505 2406 673 2463 Borea
717 2416 917 2481 quanto
963 2415 1254 2482 tempestas
1298 2407 1477 2463 acrior
1508 2409 1823 2469 insurrexit,
1869 2412 2015 2462 tanto
2048 2407 2235 2461 uiator

507 2510 646 2565 circa
690 2525 747 2564 se
789 2517 972 2566 uestes
1005 2529 1132 2567 suas
1162 2511 1423 2567 attentius
1456 2509 1761 2581 colligebat.
1822 2509 2079 2565 Cessante
2110 2514 2236 2564 tan-2

506 2611 625 2666 dem
656 2610 870 2667 turbine
903 2612 985 2669 sol
1016 2612 1218 2674 illuxit,
1269 2621 1322 2667 et
1353 2612 1527 2668 factus
1560 2619 1643 2666 est
1673 2610 1821 2667 calor
1852 2613 2099 2666 intensus
2131 2611 2229 2671 ita,

505 2720 567 2767 ut
600 2711 795 2776 uiator,
826 2730 957 2789 prae
981 2722 1225 2771 caumate
1255 2712 1482 2788 pallium
1513 2729 1711 2768 exuens
1741 2720 1798 2767 et
1832 2714 2084 2778 tunicam,
2121 2711 2225 2767 sub

507 2797 696 2872 umbra
742 2816 1021 2874 cuiusdam
1063 2817 1277 2874 arboris
1306 2815 1512 2872 nudum
1544 2832 1711 2889 super
1742 2813 1964 2871 herbam
1993 2812 2230 2870 uiridem

508 2933 566 2972 se
596 2920 890 2993 proiceret.

505 3036 654 3093 Tunc
684 3039 862 3094 uictor
893 3037 1077 3093 docuit
1106 3038 1415 3112 praesentia
1444 3037 1664 3093 numina
1691 3036 1875 3099 Titan,

591 3138 798 3195 nullum
830 3138 1141 3214 praemissis
1171 3140 1392 3195 uincere
1423 3154 1587 3212 posse
1616 3137 1793 3194 minis.
