2502 3620
560 136 640 194 40
1310 150 1525 192 Av1AN1

558 297 789 358 Solibus
819 306 1091 377 ereptans
1119 300 1335 359 hiemei
1364 299 1607 359 formica
1637 297 1869 359 labores

641 399 859 460 distulit
889 407 947 460 et
975 398 1256 461 breuibus
1287 400 1545 461 condidit
1573 408 1700 461 arte
1732 402 1910 461 cauis,

556 520 760 562 uerum
794 501 893 562 ubi
923 503 1240 563 candentes
1270 504 1526 582 suscepit
1553 510 1712 562 terra
1741 504 2012 582 pruinaS,

639 621 893 684 aruaque
924 604 1030 664 sub
1061 605 1253 683 rigido
1285 604 1566 666 delituere
1597 604 1757 681 gela,
2242 612 2276 661 8

552 724 731 784 parca
764 707 938 766 nimis
967 710 1160 767 tan'tos
1191 725 1309 766 non
1341 725 1596 786 aequans
1627 725 1876 786 corpore
1907 703 2140 766 nimbos

635 809 698 867 in
727 806 948 868 laribus
976 811 1232 888 propriis
1263 808 1502 869 humida
1533 827 1716 886 grana
1746 807 1906 886 legit.

553 909 788 969 decolor
817 911 969 970 hanc
998 910 1273 990 precibus
1303 910 1545 989 subplex
1577 911 1865 971 alementa
1895 909 2142 987 rogabat

619 1030 784 1091 ‚quae
816 1011 1063 1073 condam
1095 1010 1341 1092 querulo
1374 1019 1611 1090 ruperat
1642 1031 1781 1072 arua
1813 1030 1983 1072 sono:
2207 1021 2270 1069 12

553 1131 614 1172 se
646 1132 905 1193 quoque,
939 1121 1197 1175 maturas
1228 1132 1363 1173 cum
1394 1113 1669 1173 tunderet
1697 1132 1833 1174 area
1863 1132 2112 1183 messeS,

636 1215 900 1276 cantibus
931 1217 1180 1276 aestiuos
1212 1214 1556 1295 explicuisse
1589 1215 1729 1277 dies.

548 1316 788 1394 paruola
822 1324 958 1377 tunc
990 1317 1188 1378 ridens
1218 1319 1303 1377 sic
1334 1324 1422 1378 est
1452 1317 1642 1377 adfata
1674 1319 1962 1378 cicadam:

633 1421 795 1477 ‘num
826 1419 1008 1478 uitam
1039 1421 1262 1497 pariter
1293 1421 1637 1480 continuare
1669 1419 1860 1480 dolet?
2199 1428 2264 1479 16

549 1520 629 1578 mi
661 1520 937 1598 quoniam
969 1537 1198 1581 summo
1229 1520 1552 1581 substantia
1581 1530 1749 1601 parta
1781 1521 1980 1582 labore
2012 1530 2126 1591 est,

629 1619 948 1698 frigoribus
978 1622 1187 1682 mediis
1218 1623 1334 1682 otia
1364 1621 1538 1701 longa
1569 1624 1767 1683 traho:

545 1730 605 1782 at
635 1721 739 1782 tibi
770 1721 1018 1783 saltandi
1048 1742 1204 1784 nunc
1235 1724 1438 1785 ultima
1469 1731 1734 1803 tempora
1765 1732 2015 1796 restant,

628 1825 894 1886 cantibus
925 1836 1013 1887 est
1042 1815 1317 1907 quoniam
1347 1829 1468 1888 uita
1497 1835 1736 1907 peracta
1763 1829 1972 1907 prior.'
2187 1833 2257 1885 20

544 2064 576 2114 5
615 2068 870 2129 ereptans
905 2063 967 2114 F.
1008 2067 1222 2128 ereptos
1259 2066 1389 2114 libri.
1429 2065 1682 2130 abreptos
1712 2066 1929 2115 Guietus.
1958 2065 2253 2131 obreptans

545 2149 952 2213 CanneyieteruS.
1003 2163 1232 2213 erepens
1259 2147 1322 2197 L.
1388 2148 1566 2199 hieme
1581 2149 1644 2199 P.
1669 2150 1870 2199 hiemei
1893 2149 1955 2201 F.
2016 2148 2049 2199 6
2073 2154 2251 2200 sustu-

543 2234 612 2283 lit
651 2234 971 2296 Cabeljauius
1006 2250 1112 2282 cum
1145 2234 1526 2302 recentior-ibn&
1566 2233 1763 2284 detulit
1797 2234 1860 2284 L.
1955 2238 2080 2284 ante
2117 2235 2248 2285 libri.

543 2323 661 2368 arte
696 2317 760 2367 F.
841 2318 987 2368 casis
1027 2318 1364 2380 Cabeljauius.
1452 2317 1485 2365 8
1522 2317 1776 2368 dilituere
1813 2318 1928 2368 PK.
2008 2318 2045 2387 ⁴9
2080 2334 2251 2384 parca

542 2404 704 2453 nimis
739 2402 800 2453 F.
847 2403 1172 2469 pigranimis
1207 2402 1265 2451 K
1294 2411 1345 2452 et
1367 2402 1629 2451 Bar-thius.
1682 2403 1841 2468 pigra
1876 2402 2037 2452 nimis
2072 2405 2264 2455 ceteri..

540 2492 698 2538 tanto
734 2488 850 2538 libri
893 2487 963 2550 (C
1002 2505 1139 2550 corr.
1188 2487 1413 2549 tantos).
1497 2502 1703 2552 aequas
1749 2486 1842 2536 PC
1892 2484 2159 2551 (aequans
2208 2486 2251 2535 C

538 2571 716 2636 corn).
741 2552 757 2572 ’
787 2573 1000 2623 nimbus
1036 2572 1096 2622 P.
1168 2570 1217 2621 8.
1256 2570 1288 2621 9
1324 2572 1372 2621 L
1405 2574 1621 2622 seclusit.
1695 2559 1757 2621 10
1791 2572 1847 2621 in
1880 2571 2090 2622 laribus
2126 2588 2247 2637 pro-

537 2658 672 2723 priis
698 2655 760 2706 L.
800 2657 856 2705 in
893 2673 943 2721 p.
982 2657 1019 2707 l.
1059 2658 1190 2707 libri.
1264 2657 1474 2706 tumida
1510 2659 1622 2707 cod.
1649 2657 1972 2706 Miloniana&
2055 2656 2114 2705 11
2154 2656 2245 2706 de-

539 2741 688 2792 color
733 2739 897 2790 APK.
947 2742 1184 2793 discolor
1229 2741 1278 2790 A
1322 2759 1354 2791 a
1404 2744 1626 2792 secunda
1668 2757 1814 2789 manu
1859 2739 1912 2789 C.
2019 2740 2247 2805 subplex

537 2826 813 2877 alementa
857 2844 904 2878 u.
943 2842 986 2875 e.
1035 2828 1333 2890 Cabeljauii.
1441 2826 1503 2876 12
1541 2826 1631 2890 qui
1666 2825 1727 2875 P.
1818 2825 2045 2874 condam
2083 2825 2181 2874 ΑΡ
2212 2843 2244 2875 α

529 2913 697 2976 prima
730 2928 894 2961 manu.
983 2910 1046 2962 13
1081 2914 1320 2961 maturos
1355 2910 1453 2960 Kc
1484 2929 1517 2961 a
1547 2913 1714 2976 prima
1755 2926 1917 2960 manu.
1991 2909 2245 2960 tonderet

535 2995 601 3047 A.
673 3012 802 3046 erea
838 2995 887 3045 A
931 3014 964 3046 a
994 2998 1162 3060 prima
1200 3013 1363 3045 manu.
1404 3011 1574 3046 aurea
1609 2995 1670 3049 P.
1796 2994 1855 3043 15
1894 2994 2063 3049 affata
2107 2996 2239 3045 libri.

537 3080 602 3131 16
636 3097 763 3131 nam
800 3082 930 3131 libri.
969 3096 1095 3130 num
1121 3079 1182 3133 L.
1278 3080 1455 3130 solent
1489 3081 1621 3131 libri.
1715 3079 1861 3130 dolet
1893 3078 1955 3129 F.
1982 3079 2151 3144 pudet
2175 3078 2239 3129 L.

536 3164 597 3214 17
642 3165 860 3216 laboret
893 3165 958 3216 A.
1031 3163 1093 3215 19
1129 3164 1357 3215 saltanti
1394 3164 1453 3215 P.
1521 3162 1589 3213 20
1624 3165 1785 3215 omisit
1820 3162 1881 3212 P.
