2502 3620
494 149 580 209 20
1250 162 1467 205 AVIANI

497 320 638 373 tunc
668 311 868 372 breuis
896 311 1211 372 informem
1243 312 1509 373 traheret
1538 329 1672 371 cum
1702 313 1867 371 simia
1901 319 2116 381 natum,

582 416 774 493 ipsum
808 416 983 474 etiam
1015 416 1075 473 in
1106 416 1291 474 risum
1324 412 1587 492 conpulit
1616 415 1704 473 ire
1736 414 1955 474 Iouem.

499 517 645 576 haec
674 523 871 576 tamen
903 522 1037 576 ante
1068 515 1210 576 alios
1240 518 1403 605 rupit
1429 518 1766 595 turpissima
1789 534 2006 603 *uocem
2020 563 2035 585 ,

585 618 720 678 dum
755 620 989 696 generis
1021 620 1246 677 crimen
1277 619 1360 677 sic
1392 617 1628 678 abolere
1659 620 1847 697 cupit:
2157 625 2220 673 12

501 721 786 800 ‘luppiter
817 721 929 781 hoc
962 722 1146 791 norit,
1181 728 1418 781 maneat
1445 721 1692 781 uictoria
1726 723 1811 781 sei
1841 739 2043 799 quem:

583 822 798 882 iudicio
829 830 1098 902 superest
1129 821 1403 883 omnibus
1434 824 1542 882 iste
1575 827 1753 883 meo!

1245 1098 1251 1105 ·
1277 1077 1444 1152 XV.

500 1248 835 1308 Threiciam
866 1247 1168 1309 uolucrem
1199 1250 1389 1311 fertur
1420 1249 1698 1309 Iunonius
1729 1246 1848 1308 ales

585 1352 863 1411 conmuni
893 1353 1111 1411 sociam
1146 1353 1511 1431 conripuisse
1544 1350 1674 1411 cibo

502 1451 773 1532 (namque
804 1454 959 1513 inter
989 1456 1183 1513 uarias
1214 1454 1409 1514 fuerat
1440 1453 1730 1513 discordia
1761 1453 2009 1523 sormaS‚

584 1574 913 1635 magnaque
945 1555 1017 1616 de
1048 1555 1203 1615 facili
1233 1558 1426 1635 iurgia
1456 1555 1558 1615 lite
1593 1555 1882 1634 trahunt),
2186 1562 2228 1609 4

500 1656 655 1736 quod
687 1657 799 1717 sibi
829 1657 1174 1719 multimodo
1206 1657 1504 1737 fulgerent
1533 1653 1804 1717 memhra'
1832 1657 2071 1725 decore,

584 1758 918 1822 caeruleam
948 1761 1213 1822 facerent
1242 1760 1422 1822 liuida
1453 1768 1620 1841 terga
1652 1778 1887 1839 gruem:

500 1870 557 1922 et
586 1863 757 1923 simul
790 1871 1020 1925 erectae
1054 1866 1278 1925 circum
1310 1864 1455 1924 dans
1488 1865 1741 1942 tegmina
1772 1861 1989 1922 caudae

583 1973 881 2044 sparserat
909 1973 1174 2027 arcatum
1205 1982 1407 2027 sursus
1436 1967 1499 2026 in
1530 1973 1685 2026 astra
1715 1963 1903 2025 iubar.
2186 1968 2228 2021 8

645 2238 705 2288 10
743 2240 869 2289 inde
908 2237 967 2290 L.
1008 2238 1107 2288 illa
1143 2240 1354 2289 Bataui.
1471 2238 1529 2287 11
1568 2238 1710 2288 hanc
1747 2237 1865 2287 libri
1897 2240 2009 2285 mei.
2080 2235 2228 2286 haee

499 2324 616 2373 libri
659 2326 971 2374 recentiores
1015 2341 1114 2375 non
1160 2328 1297 2374 nulli.
1381 2324 1531 2388 rfipit
1566 2322 1674 2372 PC.
1760 2321 1822 2371 12
1868 2322 2121 2384 genetrix
2155 2319 2225 2371 P.

502 2407 566 2459 13
600 2410 782 2459 noscit
819 2408 880 2462 P.
952 2424 1011 2459 se
1050 2424 1207 2474 quem
1244 2408 1307 2460 P.
1382 2408 1446 2457 14
1479 2407 1672 2457 iuditio
1708 2405 1770 2456 P.

633 2494 744 2542 XV.
817 2495 915 2543 DE
964 2493 1156 2545 GRVE
1193 2494 1288 2543 ET
1324 2491 1615 2544 PAVONE
1653 2491 1761 2543 AC.
1862 2491 1886 2540 l
1925 2492 2226 2542 Thraciam

499 2576 547 2625 A
572 2594 605 2626 a
627 2579 851 2628 secunda
872 2593 1037 2629 manu.
1106 2581 1138 2628 2
1167 2579 1384 2629 comuni
1420 2580 1617 2629 sotiam
1654 2576 1716 2627 P.
1781 2578 2119 2643 conripuisse
2157 2576 2227 2627 F.

505 2663 840 2713 continuisse
877 2662 972 2712 AC
1013 2681 1047 2713 a
1089 2666 1453 2728 prima-manu.
1558 2663 1908 2713 contenuisse
1947 2662 2007 2712 P.
2051 2662 2229 2713 conti-

498 2762 699 2798 nuasse
748 2746 793 2796 G
833 2763 970 2798 corr.
1019 2749 1135 2798 Puc.
1191 2749 1307 2802 Pal.
1358 2753 1759 2799 contemerasse
1815 2749 2227 2814 Canneyieterw.

498 2848 608 2882 non
656 2833 921 2883 tolerasse
979 2833 1261 2896 WithofiuS.
1344 2833 1393 2884 3.
1431 2834 1464 2882 4
1510 2834 1860 2883 Lachmannus
1894 2836 2098 2898 spurios
2132 2835 2229 2884 Iza-

500 2918 622 2967 buit.
693 2916 725 2968 3
751 2918 924 2968 intum
951 2918 1099 2968 arias
1126 2917 1188 2967 P.
1259 2920 1292 2968 4
1326 2918 1464 2969 litte.
1479 2919 1543 2968 A.
1616 2918 1648 2968 5
1684 2918 2009 2971 multimoda
2045 2918 2227 2984 fulge-

502 3008 626 3053 rant
649 3019 720 3052 m.
746 3004 947 3054 decora
973 3003 1035 3054 P.
1094 3003 1322 3054 menbra
1348 3003 1405 3056 C.
1485 3002 1519 3053 6
1543 3018 1767 3069 grauem
1793 3003 1851 3057 P.
1935 3004 1966 3052 7
1995 3005 2229 3055 circum-

502 3089 612 3139 dan
648 3089 854 3139 temina
879 3089 940 3139 P.
1012 3088 1045 3140 8
1072 3094 1319 3139 arcatum
1344 3090 1608 3140 Bartkius.
1670 3105 1931 3140 arcanum
1956 3090 2075 3141 libri
2110 3091 2229 3152 (ca-

499 3190 628 3224 num
654 3173 737 3238 P).
821 3190 1004 3227 rursus
1029 3175 1163 3227 libri.
1200 3188 1386 3225 sursus
1413 3174 1474 3225 L.
1541 3174 1579 3224 9
1613 3176 1903 3240 pinnarum
1942 3180 2088 3226 certe
2125 3175 2227 3226 ho-
