2502 3620
573 130 653 188 54
1153 143 1369 186 ΑἮΑΝΙ
1415 144 1696 184 FABVLAE

1152 266 1155 269 ’
1245 289 1611 354 XXVIIII.

571 416 637 468 23
665 410 775 482 Qui
804 409 956 471 bene
985 409 1356 490 proloquitur
1387 429 1585 472 eoram
1603 458 1617 480 ,
1652 410 1753 470 sed
1785 416 1919 489 post
1949 427 2016 468 ea
2045 426 2267 487 praue,

737 513 834 572 hie
864 514 1087 574 inuisus
1118 514 1257 583 erit,
1290 512 1428 573 bina
1458 512 1614 593 quod
1645 531 1749 572 ora
1780 519 1962 590 gerat.

1294 662 1557 728 XXXI.

574 790 635 842 13
660 785 802 845 Cum
835 785 1000 845 diues
1028 803 1282 865 persona
1312 785 1559 846 breuem
1590 787 1854 846 maiorue
1883 790 2139 863 potestas

739 887 990 947 subdere
1020 887 1146 948 uult
1176 887 1439 948 sibimet:
1474 890 1523 948 si
1554 890 1783 968 nequit,
1815 889 1904 947 ira
1938 893 2137 946 tumet.

1262 1038 1656 1103 XXXVIII.

573 1165 635 1215 13
660 1158 932 1238 Quisquis
962 1158 1034 1219 ab
1067 1161 1327 1220 externis
1357 1179 1546 1253 nuper
1578 1160 1886 1219 deuenerit
1914 1160 2061 1228 oriS,

738 1279 857 1320 non
889 1262 1057 1322 decet
1085 1261 1377 1340 indigenis
1407 1270 1472 1323 ut
1500 1261 1644 1323 uelit
1673 1280 1800 1322 esse
1830 1263 2010 1340 prior.

1209 1412 1643 1479 XXXVIIII.

573 1539 634 1589 17
661 1532 847 1610 Saepe
879 1531 1096 1593 malum
1126 1541 1437 1613 postquam
1469 1535 1610 1595 fecit
1632 1534 1788 1613 quod
1812 1535 2054 1614 quisque
2079 1534 2287 1611 piauit,

735 1635 1012 1695 immunis
1042 1654 1248 1696 causae
1283 1644 1341 1695 et
1371 1638 1635 1697 miminis
1665 1655 1793 1696 esse
1824 1638 2001 1756 eupit.

652 1736 780 1797 Non
812 1737 997 1797 refert
1025 1757 1099 1798 an
1131 1739 1210 1799 sis
1298 1785 1837 1798 ......

737 1859 909 1900 causa
939 1841 1077 1901 mali
1107 1840 1230 1902 sola
1261 1841 1355 1901 lex
1387 1841 1458 1901 ad
1489 1848 1803 1921 utrumque
1835 1841 1990 1901 fac-it.

620 2063 626 2074 ⁸
701 2043 970 2095 xvam.
1051 2043 1106 2094 V.
1170 2046 1236 2095 24
1275 2046 1381 2095 erit
1416 2046 1627 2096 inuisus
1664 2045 1764 2096 Pa.

700 2131 890 2180 XXXI.
964 2131 1148 2180 Prisca
1182 2132 1355 2181 edicio.
1426 2132 1493 2180 24
1529 2130 1749 2180 desinat
1786 2145 1907 2181 esse
1947 2136 2159 2182 tumens
2186 2129 2283 2179 Ca-

568 2213 834 2276 beljauius.

699 2300 991 2350 xxxvm.
1065 2300 1423 2365 Canneyieteri
1454 2303 1601 2351 codd.
1639 2303 1969 2351 recentiores.

699 2373 1016 2435 XXXVIIII.
1054 2386 1239 2435 Prisca
1262 2387 1417 2435 editio
1444 2387 1729 2436 aNeueleto
1760 2392 2029 2451 eaeeerpta.
2069 2383 2131 2434 18
2151 2401 2278 2435 cau-

567 2482 664 2517 sae
703 2473 758 2518 et
792 2469 853 2521 F.
895 2472 1110 2521 causati
1148 2471 1433 2521 Neueletus.
1509 2469 1588 2520 19.
1626 2470 1693 2520 20
1730 2471 2002 2522 Οονιίαηιιε
2038 2470 2157 2520 ΙΙΙ.
