2502 3620
1119 113 1338 154 Av1Au1
1573 116 1576 121 ⁴
2003 100 2080 157 77

357 268 744 324 honorandam.
807 268 955 324 Tunc
995 268 1269 323 uenditori
1311 269 1386 323 ait
1428 269 1634 339 imago:
1705 268 1956 324 ‘attende
1996 268 2083 323 cui

356 386 440 424 me
472 370 676 426 uendas
721 377 777 425 et
817 371 872 431 in
916 372 1071 426 cuius
1113 371 1346 425 istorum
1377 372 1561 443 precio
1596 387 1745 444 spem
1776 371 1971 426 eminis
2004 371 2083 425 tui

355 489 560 546 ponas:
1869 526 1872 529 .

482 574 697 630 subdita
738 590 970 648 namque
1025 574 1118 630 tihi
1161 576 1345 646 magni
1399 581 1482 629 est
1526 576 1833 630 reuerentia
1871 574 2080 635 Bacchi,

334 684 415 731 „ut
448 693 545 750 per
579 684 629 731 te
662 676 748 732 uel
779 677 996 732 diuinos
1027 679 1082 732 in
1116 676 1317 750 templo
1349 677 1587 732 honores
1618 675 1704 732 uel
1737 693 1799 732 ex
1830 674 2080 750 sepulcro

356 779 634 834 cadaueris
667 778 898 835 dedecus
930 777 1343 852 consequatur.'

439 896 703 952 Conuenit
734 899 838 954 hoc
868 897 1006 959 illis,
1039 898 1237 972 quibus
1271 905 1354 952 est
1384 900 1647 971 permissa
1677 906 1951 971 potestas,

523 1016 589 1055 an
623 1000 884 1072 prodesse
915 1002 1114 1071 magis,
1148 1017 1309 1073 quam
1342 1002 1595 1056 nocuisse
1627 1000 1813 1055 uelint.

1059 1247 1367 1311 XXIIII.

481 1364 714 1446 Venafcr
745 1408 866 1446 cum
896 1389 1054 1446 leone
1086 1391 1395 1464 disceptans
1427 1391 1491 1445 de
1522 1391 1733 1446 uiribus
1764 1391 2000 1447 ostendit
2032 1393 2080 1445 ei

350 1494 406 1551 in
438 1493 667 1565 quadam
711 1492 948 1566 sepulcri
992 1492 1273 1566 sculptura
1303 1493 1515 1549 leonem
1558 1488 1625 1549 ‘ab
1668 1495 1881 1549 homine
1920 1510 2078 1567 supc-

351 1601 547 1649 ratum.
636 1594 786 1649 Tunc
837 1594 921 1649 leo
978 1574 1080 1650 ait:
1140 1592 1300 1668 ‘quis
1345 1597 1447 1652 hoc
1490 1595 1785 1670 sculpsit?'
1847 1595 1917 1650 At
1958 1595 2075 1650 ille:

349 1693 547 1751 ‘homo
581 1697 683 1752 hoc
714 1696 887 1753 fecit.'
949 1697 1042 1753 Cui
1077 1697 1193 1753 leo:
1237 1682 1426 1754 ‘scias
1458 1699 1603 1772 quod
1634 1700 1680 1753 si
1710 1697 1795 1754 leo
1828 1697 2076 1771 sculpere

352 1800 545 1860 sciret,
577 1798 792 1855 uideres
824 1802 1156 1856 contrarium
1188 1802 1241 1855 in
1278 1800 1574 1875 sculptura.

436 1918 476 1972 Ο
508 1920 550 1973 si
586 1926 772 1975 nostra
806 1937 1005 1975 nouum
1039 1919 1530 1994 caperetsollertia
1562 1937 1808 1984 sensum,

519 2020 792 2094 sculperet
825 2029 884 2077 ut
916 2021 1056 2077 sacili
1090 2023 1286 2096 pollice
1318 2041 1440 2079 saxa
1473 2023 1584 2085 leo,

435 2129 565 2177 tunc
596 2122 864 2177 hominem
893 2126 1164 2197 aspiceres
1196 2141 1520 2200 oppressum
1552 2141 1828 2181 murmure
1858 2142 2072 2198 magno,

518 2224 776 2281 conderet
806 2233 867 2282 ut
898 2227 1098 2300 rapidis
1131 2227 1319 2284 ultima
1349 2228 1458 2284 fata
1490 2227 1686 2300 genis?

938 2440 1159 2506 XXV.
1221 2441 1478 2507 XXVI.

647 2575 1062 2644 [Paraphrastes
1096 2597 1274 2630 uersus
1295 2580 1487 2630 Auiani
1515 2582 1737 2645 repetiit.
1738 2578 1773 2647 ]

1052 2780 1348 2847 XXVII.

475 2922 678 2982 Siciens
710 2925 896 2980 cornix
926 2941 1048 2979 cum
1072 2944 1260 2982 urnam
1293 2940 1463 2999 aquae
1491 2925 1758 2981 modicum
1789 2928 2069 2982 continen-

350 3035 455 3082 tem
508 3029 681 3084 eicere
724 3046 829 3084 nen
884 3026 1119 3090 ualeret,
1163 3028 1421 3103 lapillulis
1474 3028 1645 3101 ipsam
1703 3028 1930 3101 implens
1990 3029 2068 3085 sic

349 3130 572 3186 effluere
603 3148 797 3206 aquam
828 3131 955 3188 fecit
986 3139 1040 3187 et
1071 3132 1148 3188 sic
1178 3123 1242 3187 de
1273 3148 1334 3188 ea
1362 3132 1592 3205 putauit.

1642 3230 1763 3298 4³8*
