2502 3620
514 155 594 215 30
1266 169 1480 209 ΑνῐΑΝῐ

1219 274 1550 390 ΧΧΠΠ.

513 470 820 531 Certamen
853 470 1025 548 longa
1054 478 1418 550 protractum
1452 471 1551 531 lite
1582 470 1865 549 gerebant

596 580 842 632 uenator
873 573 1168 652 quondam
1201 573 1413 633 nobilis
1444 580 1617 653 atque
1650 573 1759 632 100.

513 674 575 733 111
606 690 739 734 011111
769 682 1118 753 perpetuom
1151 683 1438 754 cuperent
1466 677 1527 734 in
1559 676 1746 753 iurgia
1779 674 1972 743 finem,

597 775 748 836 edita
782 795 913 837 cum
946 779 1113 855 signo
1144 777 1297 837 forte
1328 776 1596 856 sepulcra
1628 776 1849 836 uident.
2198 784 2232 831 4

511 876 631 936 11110
663 877 831 938 docta
863 897 1071 940 manus
1101 879 1435 939 flectentem
1468 878 1616 939 colla
1647 877 1882 938 leonem
1945 904 1946 907 ¹

596 980 814 1040 fecerat
846 982 905 1039 in
937 983 1160 1058 gremio
1193 980 1576 1060 procubuisse
1606 983 1738 1040 uiri.

512 1079 567 1139 Is
597 1079 745 1140 calet
775 1081 1089 1143 adfirmans
1118 1084 1387 1162 pinctura
1419 1089 1566 1142 teste
1598 1100 1915 1161 supernum

597 1200 659 1241 se
688 1183 843 1242 fieri:
879 1185 1193 1244 extinctam
1228 1204 1363 1245 nam
1394 1185 1563 1245 docet
1596 1203 1720 1243 esse
1752 1185 1954 1244 feram.
2198 1190 2232 1239 8

511 1283 608 1343 ille
642 1302 852 1362 graues
882 1285 1080 1346 oculos
1113 1287 1186 1347 ad
1216 1287 1412 1346 inania
1446 1288 1609 1364 signa
1641 1294 1992 1365 retorquens

594 1387 857 1447 infremit
888 1395 945 1447 et
974 1388 1178 1449 rabido
1209 1396 1451 1467 pectore
1482 1387 1663 1449 uerba
1696 1388 1881 1447 dedit:

515 1490 713 1549 ‘inrita
744 1497 802 1549 te
833 1493 1066 1567 generis
1097 1491 1275 1551 subiit
1305 1490 1515 1550 fidncia
1547 1492 1761 1560 uost'ri,

598 1593 835 1652 artificis
863 1599 1073 1653 testem
1106 1595 1154 1652 si
1185 1595 1349 1672 cupis
1382 1612 1509 1653 esse
1541 1611 1799 1653 manum.
1921 1622 1924 1625 ·
2169 1598 2232 1647 12

514 1714 547 1754 0
579 1697 628 1754 si
658 1704 858 1756 nostra
888 1714 1104 1755 nouom
1134 1702 1374 1775 caperet
1404 1694 1662 1755 sollertia
1695 1710 1963 1761 sensum,

597 1796 891 1877 sculperet
922 1805 986 1859 ut
1017 1797 1190 1858 docili
1219 1796 1431 1877 pollice
1464 1817 1597 1858 saxa
1629 1796 1751 1866 leo,

512 1905 650 1958 tunc
673 1901 975 1960 hominem
998 1902 1291 1979 aspiceres
1309 1918 1648 1978 expressum
1673 1916 1969 1959 marmore
1994 1916 2227 1975 magne,

598 2002 879 2061 conderet
909 2009 973 2061 ut
1002 2001 1221 2061 rabidis
1254 2000 1457 2061 ultima
1489 2001 1605 2061 fata
1636 2002 1846 2079 genis?
2166 2007 2231 2057 16

644 2239 867 2289 xxm.
926 2239 1025 2287 DE
1052 2238 1442 2289 VENATORE
1467 2240 1562 2289 ΕΤ
1588 2239 1830 2289 LEONE
1857 2237 1922 2287 A.
1992 2236 2014 2286 1
2043 2242 2225 2303 prote-

515 2328 660 2374 ctum
684 2323 745 2374 P.
806 2325 838 2374 2
863 2319 1082 2373 uirtutis
1111 2323 1328 2387 quidam
1356 2322 1418 2372 L.
1478 2324 1509 2374 3
1534 2324 1631 2373 Hii
1644 2323 1704 2373 P.
1776 2324 1810 2372 4
1836 2339 1956 2373 cum
1982 2324 2139 2388 signo
2164 2321 2225 2371 F.

513 2409 771 2459 continuo
799 2409 932 2458 libri.
1004 2408 1296 2474 sepulchra.
1320 2407 1429 2456 ΑΡ.
1503 2408 1534 2455 5
1572 2409 1793 2458 flectere
1832 2408 1895 2456 A.
1969 2406 2002 2456 6
2037 2422 2230 2473 procu-

509 2493 726 2544 buisser
761 2494 822 2545 P.
903 2494 934 2542 7
971 2494 1187 2544 scilicet
1222 2494 1354 2543 libri.
1435 2493 1525 2541 hic
1565 2492 1712 2542 calet
1749 2491 1809 2542 L.
1894 2493 1940 2542 is
1977 2491 2040 2543 F.
2111 2492 2231 2557 pin-

511 2583 669 2628 ctura
705 2597 753 2629 u.
782 2597 825 2628 c.
858 2578 1154 2641 Cabeljauii.
1194 2577 1477 2644 sculptura
1510 2579 1886 2641 paraphrastes
1925 2576 2059 2640 (uide
2101 2577 2230 2627 Gan-

509 2667 811 2726 neqieterum
830 2681 888 2728 p.
917 2663 1050 2727 146).
1123 2663 1412 2728 superbum
1437 2662 1568 2712 libri.
1609 2677 1897 2728 supernum
1926 2661 1988 2712 L.
2060 2661 2094 2711 9
2128 2663 2231 2712 otii

512 2746 581 2796 ad
617 2746 677 2796 P.
756 2747 817 2796 10
853 2749 1043 2813 rapido
1082 2747 1141 2796 P.
1239 2748 1318 2797 ll.
1352 2748 1411 2796 12
1449 2748 1802 2810 Lachmanno,
1843 2746 2010 2796 7-12
2050 2737 2226 2801 ’θείοιο

506 2834 674 2896 spurii
705 2835 800 2882 uisi
832 2840 964 2882 sunt.
1041 2830 1100 2880 11
1138 2831 1328 2881 inritat:
1366 2835 1585 2897 generis
1622 2849 1665 2882 s.
1703 2832 1897 2882 fidutia
1924 2831 1983 2880 Ρ.
2054 2832 2230 2882 nostri

512 2916 848 2979 Gabetjauius.
902 2915 961 2966 13
1000 2916 1140 2981 quod
1166 2917 1213 2965 si
1237 2917 1369 2966 libri.
1411 2934 1441 2966 0
1468 2919 1514 2966 si
1536 2919 1928 2982 paraplzrasteS.
2000 2916 2230 2967 solertia

510 3001 574 3050 A.
673 3001 734 3051 14
771 3001 1049 3068 scalperet
1086 3000 1134 3050 P
1178 3007 1227 3051 et
1275 3002 1615 3064 Cabeljauizcs.
1687 3003 1866 3068 police
1903 3001 1965 3051 P.
2044 3001 2103 3050 15
2140 3018 2228 3067 op-

507 3102 753 3152 pressum
779 3103 1043 3138 murmure
1070 3086 1189 3136 libri
1211 3087 1498 3149 (murmore
1524 3086 1609 3150 P).
1648 3103 1959 3152 expressum
1985 3085 2047 3136 L.
2089 3102 2225 3136 mar-

510 3187 656 3221 more
692 3172 749 3220 in
785 3173 892 3223 isto
923 3173 1329 3236 Canneyz‘eteras.
1418 3171 1477 3219 16
1514 3170 1719 3237 rapidis
1756 3172 1804 3222 P
1836 3179 1886 3222 et
1927 3173 2224 3222 Puteaneas.
