2502 3620
481 137 559 197 74
1196 146 1482 187 APOLOGI

1227 327 1451 392 XVII.

605 475 768 531 Feras
801 476 1141 547 sagittarium
1186 472 1457 543 fugientes
1492 472 1646 543 tigris
1677 471 1932 527 audacior
1961 473 2209 545 increpa-

480 577 603 656 bat;
650 576 743 632 sed
785 594 905 632 cum
948 577 1063 649 ipsa
1101 573 1312 629 tandem
1350 575 1562 629 incauta
1593 572 1770 628 iaculo
1804 581 1948 628 esset
1977 574 2208 635 confixa,

480 678 672 752 uolpes
704 680 802 734 ait:
838 679 1122 751 ‘quisnam
1157 683 1239 730 est
1271 674 1362 730 ille
1393 676 1483 748 qui
1513 682 1563 729 te
1587 674 1876 730 uolnerare
1906 692 2069 730 ausus
2102 684 2207 738 est,

485 797 621 855 quae
652 780 787 836 alios
818 780 1065 853 protegis
1099 785 1150 832 et
1182 777 1494 833 defendis‘?'
1536 780 1606 831 At
1638 774 1728 832 illa
1759 793 2008 850 gemens:
2056 776 2207 833 ‘non

490 883 777 957 conparuit
806 880 979 937 oculis
1011 877 1165 934 meis'
1201 881 1376 954 inquit
1407 877 1588 952 ‘quem
1622 880 1810 934 timere
1842 879 2157 935 debueram:

567 1002 659 1057 sed
691 1018 854 1057 cruor
885 1008 939 1055 et
968 998 1161 1055 ualidis
1193 1000 1245 1054 in
1280 1015 1364 1053 me
1395 998 1598 1054 directa
1628 997 1846 1054 lacertis

651 1102 944 1159 ostendunt
975 1101 1208 1175 aliquem
1240 1101 1345 1156 tela
1375 1101 1547 1156 fuisse
1578 1099 1801 1156 uirum.'

568 1204 715 1262 More
745 1203 936 1260 uolant
967 1201 1128 1259 iaculi
1160 1202 1490 1258 clandestina
1522 1202 1687 1258 uerba
1718 1204 1992 1264 nocentis,

652 1322 750 1362 nec
779 1307 1052 1381 praescire
1084 1305 1262 1378 palam
1292 1303 1520 1360 laederis
1553 1304 1694 1360 unde
1724 1312 1900 1377 potes,

1761 1444 1790 1473 ἢ

1209 1482 1471 1548 XVIII.

608 1630 737 1693 cum
763 1637 996 1703 quatuor
1026 1628 1241 1683 iuuenci
1270 1627 1556 1683 fortissimi
1586 1634 1735 1684 tanta
1767 1635 1950 1684 esseut
1982 1630 2211 1685 societa-

487 1734 553 1789 tis
583 1731 869 1789 concordia
900 1729 1189 1791 foederati,
1234 1736 1293 1785 ut
1325 1745 1538 1803 semper
1571 1730 1728 1785 simul
1761 1730 1828 1787 ad
1858 1747 2056 1804 pascua
2088 1748 2210 1802 gra-

484 1836 769 1896 derentur,
818 1832 976 1889 simul
1009 1839 1354 1888 morarentur
1395 1832 1586 1887 ibidem
1622 1832 1891 1907 simulque
1922 1834 1985 1889 ad
2017 1850 2210 1908 uespe-

484 1954 597 1993 ram
642 1943 970 1998 remearent,
1014 1934 1098 1990 leo
1141 1941 1355 1989 montes
1399 1935 1702 1991 inhabitans
1735 1938 1977 2010 ipsorum
2010 1938 2063 1991 in
2095 1944 2209 1993 tan-

488 2046 599 2093 tum
630 2038 929 2111 pertimuit„
954 2039 1232 2098 unionem,
1276 2044 1338 2091 ut
1384 2036 1691 2094 nullatenus
1736 2038 1957 2094 auderet
1988 2040 2207 2112 aggredi

487 2142 565 2196 sic
595 2141 933 2196 coniunctos
987 2139 1088 2194 Sed
1119 2139 1362 2198 fraudem
1394 2139 1616 2195 molitus
1649 2142 1724 2196 sic
1755 2156 1851 2195 eos
1884 2140 2207 2216 alloquitur:

486 2242 609 2299 ‘cur
638 2259 803 2298 unum
837 2259 1085 2316 campum
1118 2248 1354 2315 quatuor
1386 2240 1709 2328 nobilissimi
1740 2245 2054 2317 occupatis?
2085 2262 2206 2300 cum

487 2347 646 2401 unius
677 2346 942 2417 cuiusque
974 2352 1215 2400 uestrum
1251 2345 1627 2398 strenuitatem
1660 2344 1845 2401 deceat
1878 2345 2207 2417 singularem

485 2463 733 2521 campum
786 2452 840 2501 et
893 2453 1190 2502 armentum
1246 2461 1438 2518 regere
1489 2447 1788 2518 copiosum.
1877 2446 2210 2522 Separemini
2251 2426 2258 2430 .

488 2567 619 2622 ergo
666 2548 730 2605 ab
771 2549 1000 2604 inuicem
1048 2547 1248 2620 singuli
1290 2547 1409 2604 loca
1443 2546 1656 2619 singula
1688 2555 1740 2602 et
1772 2549 2005 2607 dominia
2047 2537 2209 2607 occu-

487 2659 678 2725 pantes
724 2652 1024 2725 famamque
1068 2658 1122 2705 et
1152 2651 1387 2706 nominis
1419 2652 1590 2710 uestri
1622 2650 1852 2723 gloriam
1877 2651 2207 2709 dilatantes?

487 2751 569 2808 llli
598 2768 728 2807 uero
763 2754 985 2808 huiusce
1007 2751 1150 2808 modi
1184 2750 1432 2807 laudibus
1474 2752 1720 2809 delectati
1752 2772 1812 2809 ac
1845 2753 2025 2810 uerbis
2057 2754 2210 2812 falla-

489 2853 643 2910 cibus
684 2855 845 2909 nimis
886 2853 1089 2909 creduli
1131 2853 1249 2909 loca
1293 2853 1507 2926 singula
1559 2858 1827 2927 segregati
1870 2855 1935 2912 ab
1977 2857 2208 2912 inuicem

491 2955 856 3029 quaesierunt.
916 2955 1066 3010 Tunc
1108 2954 1221 3016 leo,
1274 2953 1464 3010 uidens
1508 2972 1602 3011 eos
1644 2960 1889 3013 consueti
1922 2960 2209 3031 securique

491 3056 758 3111 consorcii
789 3054 1109 3118 destitutos,
1143 3069 1310 3111 unum
1334 3064 1463 3130 post
1494 3056 1656 3113 alium
1686 3059 1894 3115 inuadit
1925 3060 2123 3115 lacerat
2156 3067 2210 3115 et

496 3156 708 3214 occidit.
1583 3159 1586 3164 '
