2502 3620
994 164 1274 207 FABVLAE
1903 149 1981 209 37

277 314 451 396 [haec
480 314 611 374 illos
641 313 934 394 descripta
964 321 1233 384 monent,
1268 315 1368 393 qui
1397 315 1627 392 saepius
1658 315 1782 373 ausi

360 415 676 497 numquam
709 436 741 477 a
770 417 1026 495 peccatis
1056 415 1390 476 abstinuere
1419 414 1675 494 manus]

989 704 1279 781 XXXI.

268 875 575 954 Ingentem
607 876 792 936 fertur
823 895 953 936 mus
982 876 1278 957 quondam
1307 893 1525 955 paruus
1556 874 1840 935 oberrans

358 996 530 1038 ausus
561 977 631 1037 ab
665 979 873 1056 exiguo
904 977 1136 1038 laedere
1169 978 1343 1038 dente
1374 978 1619 1039 bouem:

270 1098 480 1140 uerum
510 1079 612 1153 uhi
640 1080 902 1140 mordaci
933 1080 1185 1140 confecit
1213 1079 1458 1140 uolnera
1486 1087 1707 1149 rostro,

356 1189 512 1242 tutus
540 1183 602 1241 in
633 1182 950 1242 amfractus
981 1182 1251 1242 conditur
1281 1182 1418 1241 inde
1448 1201 1601 1242 suos,
1947 1189 1980 1237 4

270 1282 368 1344 ille
399 1283 535 1343 licet
562 1291 726 1345 uasta
758 1291 986 1344 toruom
1018 1285 1250 1344 ceruice
1281 1285 1565 1354 minetur,

356 1404 474 1446 non
507 1392 699 1445 tamen
728 1387 911 1446 iratus
941 1404 1114 1464 quem
1144 1378 1304 1464 petat
1335 1403 1460 1445 esse
1489 1385 1667 1444 uidet.

268 1495 410 1547 tunc
439 1488 837 1566 indignantem
864 1489 1016 1547 iusto
1047 1506 1320 1548 sermone
1350 1487 1598 1565 fatigans

355 1588 575 1650 distulit
602 1588 842 1649 hostiles
872 1587 1183 1649 calliditate
1212 1591 1429 1650 minas:
1947 1594 1980 1646 8

270 1695 415 1750 ‘non
446 1692 581 1771 quia
609 1708 821 1768 magna
850 1691 957 1750 tibi
986 1690 1322 1752 tribuerunt
1350 1690 1617 1751 membra
1649 1698 1947 1770 parentes,

352 1788 576 1854 uiribus
606 1793 890 1854 ecsectum
923 1795 1277 1854 constituere
1307 1795 1438 1854 tuiS.
1953 1794 1958 1799 ’

271 1896 430 1956 disce
459 1905 657 1955 tamen
688 1895 968 1956 breuibus
998 1914 1145 1975 quae
1177 1898 1254 1956 sit
1282 1896 1492 1956 fiducia
1522 1897 1755 1964 rostris,

355 2005 412 2058 et
440 1998 618 2058 facias
648 1998 921 2078 quicquid
952 1996 1193 2077 paruola
1226 1991 1396 2057 turba
1428 1998 1630 2076 cupit?
1916 2004 1979 2053 12

267 2273 482 2324 brorum
508 2271 564 2322 G.
636 2269 874 2322 sedisset
898 2270 955 2321 G.
1028 2268 1093 2319 16
1118 2246 1269 2319 ac'C'.
1311 2346 1327 2352 -
1355 2269 1424 2319 ad
1460 2270 1615 2320 hoste
1642 2268 1706 2318 A.
1780 2269 1843 2318 17
1868 2285 1976 2342 mo·

268 2362 403 2408 nent
437 2357 598 2408 omisit
622 2355 682 2406 P.
716 2392 729 2403 .
762 2353 821 2404 18
857 2370 889 2403 a
925 2353 989 2404 F.
1064 2354 1341 2404 abstinure
1381 2353 1439 2405 P.

402 2477 592 2527 XXXI.
662 2476 761 2525 DE
797 2474 999 2523 MVRE
1036 2473 1130 2522 ΕΤ
1166 2472 1359 2521 BOVE
1389 2472 1453 2521 A.
1511 2473 1609 2522 DE
1647 2473 1846 2524 MVRE
1883 2475 1977 2524 ΕΤ

268 2562 509 2612 TAVRO
550 2559 606 2611 C.
650 2562 710 2610 ·2
756 2575 931 2624 exguo
976 2557 1161 2607 ledere
1206 2556 1268 2607 P.
1338 2556 1372 2604 4
1414 2556 1563 2608 inble
1608 2558 1674 2608 Α.
1743 2559 1775 2609 5
1819 2564 1979 2609 torua

269 2651 483 2698 uastum
519 2644 583 2697 P.
676 2643 709 2693 6
741 2644 881 2694 uidit
915 2643 978 2693 P.
1064 2642 1095 2690 7
1130 2642 1221 2691 hic
1260 2638 1349 2705 (=:.·
1382 2640 1531 2705 tunc)
1569 2642 1975 2708 Canneyz’eterus.

270 2748 387 2782 mus
421 2732 524 2782 hoc
561 2746 808 2781 sermone
855 2717 1138 2791 Withofiue.
1229 2725 1263 2776 8
1298 2727 1521 2792 dispulit
1557 2726 1620 2780 L.
1691 2729 1879 2779 ostiles
1916 2729 1978 2784 P.

268 2816 431 2866 9—11
472 2818 635 2867 omisit
668 2815 716 2865 P
747 2817 799 2864 in
833 2814 974 2862 aliud
1002 2813 1177 2874 solium
1223 2814 1493 2863 transiens,
1585 2811 1619 2862 9
1654 2814 1880 2863 menbra
1918 2814 1976 2864 C.

270 2900 336 2950 10
372 2900 645 2950 aefectum
679 2918 728 2950 u.
756 2916 801 2949 e.
829 2897 1124 2961 Gabetjauii.
1195 2897 1540 2948 contribuere
1578 2897 1639 2949 L.
1740 2898 1794 2948 ll
1831 2915 1979 2950 mon-

269 2986 396 3036 stris
440 2986 570 3038 libri.
643 2985 833 3035 rostris
872 2981 1019 3048 (nide‘
1052 3000 1099 3032 u.
1139 2981 1190 3045 3)
1229 2981 1294 3031 F.
1391 2982 1452 3032 12
1498 2982 1675 3033 faciat
1720 2984 1848 3034 libri.
1895 2985 1976 3034 fa-

270 3072 388 3121 cias
418 3071 809 3136 paraphrastes.
870 3068 946 3119 11.
989 3067 1066 3118 12.
1102 3069 1307 3134 spurios
1340 3067 1626 3119 iudicabant
1653 3070 1976 3134 Canneyiete-

266 3171 357 3207 rus
391 3163 442 3206 et
466 3154 531 3206 L.
