2502 3620
970 187 1250 229 FABVLAE
1878 177 1955 236 51

1032 333 1192 398 XII.

243 457 356 515 *13
383 457 510 518 Non
543 476 637 516 me
669 455 913 525 ridenti,
948 456 1051 517 sed
1081 456 1244 517 uoltu
1276 475 1522 517 cernere
1555 458 1708 519 tristi

455 559 541 619 fas
572 560 710 627 erit,
745 565 803 618 at
834 575 1018 617 uacua
1048 560 1164 618 sint
1193 558 1301 618 tibi
1332 565 1466 618 uota
1496 566 1612 619 tua.

371 661 514 721 Nam
548 662 723 720 nimis
755 667 995 738 accepto
1026 668 1231 739 peceat
1261 679 1441 738 graue
1472 662 1716 740 quisque
1739 659 1959 722 talento
2034 678 2040 685 ·

454 764 530 832 si,
563 762 719 842 quod
751 761 824 821 ab
859 763 970 822 hoc
1001 763 1277 840 sumpsit,
1310 763 1540 841 inputat
1570 761 1682 821 hoe
1714 760 1829 821 alii.

1003 927 1199 991 XIII.

246 1076 306 1126 13
331 1069 477 1130 Dum
511 1069 675 1147 cupis
704 1068 927 1128 illatum
960 1067 1189 1127 tibimet
1218 1067 1560 1146 persoluere
1608 1068 1955 1148 dampnum,

410 1169 629 1251 absque
659 1177 760 1230 tuo
793 1169 1047 1249 dampno
1079 1170 1249 1229 docte
1281 1178 1486 1230 caueto
1516 1170 1662 1231 fore.

976 1335 1208 1400 XIIII.

243 1479 353 1535 *15
378 1475 525 1538 Nolo
557 1475 704 1536 uelis
734 1494 936 1536 rerum
968 1477 1280 1556 quicquam
1311 1475 1551 1535 laudare
1580 1483 1843 1547 tuarum,

453 1581 514 1638 ni
544 1581 654 1639 siet
685 1577 926 1639 alterius
957 1598 1059 1638 ore
1090 1578 1337 1656 probata
1371 1579 1552 1656 prius.

370 1682 466 1742 Sic
496 1699 624 1741 mos
656 1687 745 1741 est
774 1681 944 1751 fatui,
978 1680 1132 1759 quod
1165 1679 1440 1759 quicquid
1474 1680 1680 1739 fecerit
1711 1681 1863 1758 ipse,

451 1767 569 1843 uile
599 1781 739 1844 licet
770 1782 974 1850 fuerit,
1017 1780 1345 1861 conprobat
1374 1782 1498 1859 ipse
1532 1788 1745 1842 tamen.

1031 1931 1180 1995 XV.

245 2081 306 2132 15
331 2075 393 2134 Si
423 2072 674 2153 quadam
706 2074 923 2132 uirtute
961 2073 1139 2142 niteS,
1173 2089 1247 2130 ne
1280 2071 1514 2150 despice
1546 2088 1926 2151 quemquam:

411 2194 483 2235 ex
512 2174 623 2235 alia
654 2174 903 2254 quadam
936 2173 1130 2234 forsan
1164 2181 1222 2234 et
1253 2173 1350 2233 ille
1381 2175 1545 2234 nitet.

374 2414 494 2465 xn.
566 2411 636 2463 D.
715 2409 776 2462 13
822 2411 974 2461 uoltu
1022 2412 1121 2461 sed
1172 2427 1399 2462 eernere
1436 2410 1537 2461 Pa.
1615 2410 1676 2460 14
1713 2416 1770 2461 at
1806 2413 1866 2462 F.
1906 2417 1961 2462 et

236 2500 379 2550 libri.
457 2497 517 2549 15
566 2498 712 2548 uiuis
755 2497 811 2545 in
846 2495 947 2546 Pa.
1021 2498 1077 2545 in
1115 2497 1199 2546 ius
1246 2497 1534 2560 Withofius.
1601 2497 1761 2546 unius
1796 2499 1958 2552 edito-

239 2600 344 2634 reS.
418 2596 751 2648 grauemque
790 2581 890 2631 Pa.
966 2580 1031 2630 16
1067 2580 1195 2646 quid
1233 2580 1332 2631 Pa.

375 2667 531 2717 1111.
607 2666 667 2717 13
702 2673 860 2732 potes
908 2665 1065 2728 (corr.
1105 2665 1281 2733 cupis)
1318 2665 1389 2718 D.
1459 2682 1562 2732 par
1597 2666 1810 2716 soluere
1847 2668 1958 2717 edi-

237 2761 399 2804 tores.
477 2752 538 2802 14
578 2753 721 2802 forte
777 2756 973 2802 caueto
1010 2751 1125 2801 fore
1163 2750 1326 2814 (corr.
1367 2750 1507 2813 fore)
1546 2750 1618 2802 D.
1694 2751 1853 2801 docte
1889 2749 1957 2801 Ζ.

244 2839 336 2902 (In
372 2838 455 2888 Pa
490 2840 706 2888 ultimum
738 2837 1090 2887 hemistichium
1125 2834 1306 2900 deest.)

375 2924 550 2974 xnn.
626 2920 689 2972 16
723 2922 781 2971 ni
810 2921 923 2971 sint
960 2919 1053 2971 alt.
1089 2919 1164 2971 D.
1214 2921 1272 2970 ni
1310 2921 1415 2970 fuit
1447 2919 1502 2972 V.
1545 2920 1652 2970 nisi
1690 2923 1816 2969 sunt
1850 2922 1956 2970 edi-

238 3015 397 3058 tores.
470 3008 529 3057 ni
581 3007 689 3058 siet
723 3006 785 3057 F.
862 3005 920 3054 17
956 3005 1165 3056 homini
1202 3005 1540 3069 Cabeb'auius,
1620 3005 1854 3056 hominis
1889 3004 1955 3056 Z.

245 3090 309 3142 18
344 3098 569 3143 maneat
604 3090 671 3145 Z.
746 3091 1017 3157 approbat
1052 3089 1153 3142 Pa.
1194 3090 1261 3141 Z.

378 3177 489 3225 XV.
570 3174 625 3226 V.
701 3175 764 3226 16
801 3177 1047 3227 forsitam
1084 3175 1179 3230 ille
1219 3175 1279 3229 P.
1353 3180 1409 3228 et
1443 3177 1562 3245 ipse
1597 3176 1738 3226 nitet
1772 3174 1842 3226 D.

1570 3260 1658 3330 3*
