2502 3620
984 182 1264 247 rABvLAE
1895 169 1973 229 35

262 351 436 411 quem
469 331 642 392 simul
673 332 959 410 aspiciens
990 333 1143 392 ruris
1174 333 1422 392 miratur
1453 331 1750 401 alumnuS,

346 432 582 513 uimque
614 434 837 494 homini
866 440 1085 495 tantam
1116 433 1400 513 prouidus
1431 452 1558 493 esse
1591 441 1792 512 pauet:
1915 440 1973 491 ⁴8

261 553 398 596 nam
429 535 651 614 gelidos
683 543 843 596 artus
870 537 1024 596 uitae
1055 543 1119 596 ut
1148 523 1456 596 reuocaret
1483 537 1545 595 in
1576 554 1743 619 usum
1762 584 1775 605 ,

346 637 584 698 adssatas
615 637 801 698 calido
833 638 1059 698 fouerat
1088 657 1190 698 ore
1220 655 1446 698 manus,

258 739 363 798 sed
395 758 527 800 cum
561 738 802 818 depulso
835 741 1122 819 coepisset
1151 738 1372 818 frigore
1403 738 1589 799 laetus

264 832 271 837 ’
346 842 589 920 hospitis
621 843 833 902 eximia
864 841 1168 902 sedulitate
1199 842 1334 912 frui,
1911 848 1973 897 12

261 942 533 1022 (namque
567 942 692 1014 ille,
726 951 1016 1022 agrestem
1048 946 1290 1023 cupiens
1321 942 1634 1003 ostendere
1665 943 1875 1012 uitam,

344 1044 623 1105 siluarum
655 1045 924 1105 referens
954 1048 1173 1124 optima
1196 1054 1471 1125 ‘quaeque
1503 1042 1705 1116 dabat,

257 1146 469 1225 optulit
500 1153 557 1206 et
587 1145 775 1206 calido
804 1147 1043 1226 plenum
1076 1154 1305 1207 cratera
1333 1146 1554 1225 Lyae0,

343 1247 497 1308 laxet
524 1256 589 1308 ut
618 1249 842 1308 infusus
873 1249 1083 1327 frigida
1113 1248 1379 1309 membra
1411 1249 1599 1329 tepor)
1908 1255 1974 1306 16

257 1348 355 1410 ille
385 1350 486 1410 ubi
517 1350 845 1410 seruentem
875 1341 1055 1410 labris
1086 1351 1428 1428 contingere
1458 1357 1668 1411 testam

347 1452 604 1522 horruit,
639 1450 929 1529 algentem
963 1469 1165 1513 russus
1197 1452 1269 1512 ab
1303 1471 1405 1513 ore
1436 1453 1615 1513 iuuat.
1707 1464 1712 1470 '

263 1555 542 1633 opstipuit
571 1554 787 1634 duplici
818 1562 1080 1616 monstro
1112 1556 1462 1634 perterritus
1490 1555 1717 1634 hospiS,

343 1662 401 1715 et
428 1654 659 1735 pulsum
692 1654 854 1717 siluis
884 1656 1113 1735 longius
1143 1658 1230 1716 ire
1260 1656 1450 1717 iubet:
1905 1662 1972 1713 20
2073 1678 2087 1695 =

256 1756 441 1818 ‘nolo’
474 1759 553 1818 ait
583 1759 670 1819 ‘ut
701 1760 917 1819 nostris
948 1776 1224 1839 umquam
1257 1759 1606 1819 successerit
1635 1759 1818 1819 antris

343 1867 461 1920 tam
495 1861 728 1921 diuersa
760 1861 874 1922 duo
906 1863 1005 1942 qui
1035 1860 1207 1921 simul
1237 1880 1340 1921 ora
1371 1860 1565 1921 serat?

358 2081 388 2128 7
438 2083 581 2132 deest
624 2083 673 2130 in
719 2080 780 2130 P.
864 2082 1078 2146 aspexit
1125 2082 1531 2148 Ganneyieterus.
1604 2081 1860 2131 adsidens
1907 2080 1969 2130 L.

258 2165 492 2234 alumnis
528 2165 584 2216 C.
667 2164 701 2214 8
737 2170 894 2215 tanta
920 2164 979 2217 P.
1050 2168 1306 2232 prouidus
1330 2167 1393 2221 F.
1429 2168 1674 2232 protinus
1710 2167 1840 2216 libri.
1880 2183 1971 2232 pe-

257 2249 515 2301 ctorisL.
609 2249 642 2300 9
678 2250 891 2316 gelidus
929 2266 977 2299 a.
1015 2234 1158 2301 uita⁸t
1193 2252 1255 2302 P.
1331 2251 1392 2302 10
1429 2252 1632 2303 callido
1657 2249 1721 2301 P.
1791 2250 1966 2322 solue·
2055 2291 2068 2300 ,

255 2340 341 2385 ret
377 2334 484 2386 AC.
524 2336 765 2386 soluerat
800 2335 860 2385 P.
900 2337 1249 2388 Lachmannus
1284 2341 1532 2388 correxit.
1638 2336 1698 2385 12
1734 2337 1830 2386 sed
1865 2336 1968 2385 uti-

255 2420 413 2471 litate
450 2418 512 2470 P.
609 2419 672 2470 13
705 2420 931 2485 iamque·
958 2420 1019 2470 L.
1090 2421 1173 2470 illi
1210 2420 1299 2470 PC
1333 2423 1635 2474 Puteaneus.
1718 2421 1780 2471 14
1814 2421 1972 2471 daret

257 2504 322 2556 L.
432 2505 492 2556 15
544 2505 741 2571 optulit
793 2505 849 2555 G.
923 2505 1073 2557 alreo
1119 2505 1180 2556 P.
1288 2507 1351 2557 17
1404 2506 1488 2556 illi
1539 2506 1600 2556 P.
1683 2509 1860 2556 testea
1905 2506 1966 2555 P.

258 2588 321 2639 18
346 2592 513 2640 orruit
538 2590 597 2641 P.
671 2590 881 2657 algenti
917 2592 1048 2645 libri.
1098 2590 1375 2657 algentem
1402 2628 1415 2642 .
1438 2630 1450 2642 .
1474 2628 1487 2641 .
1514 2591 1642 2642 tulit
1678 2593 1965 2641 NeueletuS.

256 2676 498 2740 algorem
536 2712 547 2724 .
573 2712 585 2724 .
609 2712 621 2725 .
659 2676 785 2726 tulit
833 2677 1239 2742 CanneyieteruS.
1322 2693 1504 2727 russus
1541 2677 1602 2727 P.
1684 2677 1846 2727 suflat
1881 2674 1974 2725 PC

255 2761 385 2811 Put.
439 2761 624 2811 sufflat
659 2761 726 2811 A.
798 2762 866 2811 ab
914 2778 1005 2811 ore
1051 2762 1223 2812 refert
1266 2765 1350 2812 uel
1392 2762 1558 2812 deflat
1606 2763 1674 2812 ab
1713 2778 1803 2811 ore
1842 2762 1970 2826 gelu

259 2846 609 2908 Cabeljauiani
630 2847 762 2896 libri.
828 2845 1001 2896 alanti
1027 2884 1039 2897 .
1062 2883 1074 2895 .
1100 2885 1111 2896 .
1140 2847 1293 2912 gelat
1330 2846 1392 2897 L.
1466 2846 1741 2912 algentem
1772 2883 1783 2894 .
1812 2883 1824 2895 .
1850 2884 1861 2895 .
1889 2847 1984 2918 iu-¹

252 2935 351 2980 nat
385 2929 447 2980 F.
521 2929 583 2979 19
631 2932 866 2996 obtipuit
903 2967 916 2981 .
939 2967 952 2980 .
974 2969 985 2980 .
1020 2937 1355 2997 perterretus
1403 2931 1465 2981 P.
1536 2932 1815 2997 opstupuit
1849 2933 1966 2981 Pul.

252 3016 443 3080 hospis
477 3033 525 3065 u.
562 3033 604 3066 c.
642 3016 941 3079 Gabeliauii.
1042 3016 1109 3066 20
1144 3016 1300 3067 silius
1336 3015 1399 3067 P.
1504 3017 1569 3065 22
1604 3021 1702 3066 tan
1737 3015 1801 3066 A.
1876 3030 1967 3064 ore

253 3101 399 3166 gerit
443 3101 743 3151 Puteaneus.
792 3117 885 3152 ore
933 3106 1093 3166 gerat
1138 3100 1201 3151 L.
1342 3102 1434 3166 qui
1479 3100 1625 3150 ferat
1669 3117 1762 3150 ore
1807 3099 1966 3150 simul

254 3185 593 3248 Cabeljauim.
