2502 3620
1014 174 1295 217 FABVLAE
1927 163 2006 223 19

295 324 477 382 tristis
507 323 630 383 obit
660 323 976 403 longinqua
1008 325 1208 401 fugax,
1244 325 1316 385 de
1348 325 1493 386 calle
1523 326 1797 405 loquutus

376 424 527 504 (nam
562 427 737 486 timor
767 425 1075 506 expulsum
1101 428 1291 505 iurgia
1321 428 1478 487 ferre
1508 428 1713 508 uetat):
1972 435 2004 486 8

286 529 432 586 ‘non
463 534 519 595 te
553 528 823 615 demissis
853 536 1174 599 saetosum,
1208 529 1442 609 putide,
1475 529 1690 595 barbis,

370 628 564 700 illum,
599 633 700 710 qui
731 649 908 711 super
939 637 1027 690 est
1055 632 1527 711 insequiturque,
1561 639 1780 692 tremo:

284 749 419 790 nam
452 734 501 791 si
536 731 825 803 discedat,
859 751 1094 803 nosceS‚
1128 732 1497 801 stultissime,
1531 741 1812 813 quantum

370 832 664 914 discrepet
695 853 725 894 a
762 837 911 895 tauri
940 835 1167 896 uiribus
1196 835 1397 897 hircus
1428 835 1638 896 olens.2
1943 846 2002 895 12

1005 956 1029 984 ἱ

766 1106 793 1120 κ
1011 1056 1267 1130 XIIII.

279 1189 542 1270 Iuppiter
573 1193 633 1251 in
665 1199 786 1252 toto
819 1195 1112 1273 quondam
1145 1196 1516 1274 quaesiuerat
1544 1194 1715 1262 orbe,

365 1312 606 1353 munera
640 1301 908 1356 natorum
942 1299 1079 1376 quoi
1108 1296 1352 1357 meliora
1383 1297 1595 1357 forent.

280 1397 545 1456 certatim
579 1396 652 1455 ad
684 1415 885 1475 regem
917 1400 1102 1458 currit
1132 1417 1318 1477 genus
1349 1418 1522 1459 omne
1553 1399 1841 1470 ferarum,

362 1488 835 1578 permixtumque
867 1501 1094 1562 homini
1126 1503 1394 1579 congerit
1424 1519 1563 1561 aura
1593 1520 1810 1580 pchS,
1964 1513 1997 1560 4

275 1605 342 1658 ut
372 1617 481 1659 nec
512 1602 870 1680 squamigeri
900 1602 1092 1662 desint
1124 1603 1195 1663 ad
1225 1604 1414 1681 iurgia
1445 1605 1664 1683 pisceS,

362 1720 472 1761 nec
504 1703 780 1783 quicquid
811 1704 1118 1766 uolucrum
1151 1707 1358 1784 purior
1390 1723 1530 1765 aura
1561 1706 1741 1766 uehit.

273 1802 534 1884 undique
566 1825 702 1867 mox
736 1805 998 1886 trepidae
1030 1806 1327 1868 ducebant
1355 1809 1641 1887 pingnera
1674 1816 1922 1877 matreS,

360 1907 576 1969 iudicio
609 1910 754 1968 tanti
787 1902 1152 1989 disqutienda
1187 1911 1300 1970 dei.
1961 1917 1993 1967 8

278 2163 552 2229 longaque
577 2164 709 2214 libri.
759 2163 1055 2230 longinqua
1075 2164 1137 2216 L.
1199 2166 1368 2232 fugax
1391 2165 1519 2217 nale
1530 2165 1590 2215 P.
1629 2166 1694 2216 de
1721 2165 1869 2216 ualle
1883 2165 1991 2217 AC.

276 2248 345 2299 de
374 2248 515 2298 calle
529 2247 591 2297 L.
652 2248 865 2299 locutus
879 2249 942 2301 A.
1014 2249 1047 2299 8
1071 2252 1226 2314 iugia
1240 2251 1302 2301 P.
1374 2250 1407 2300 9
1432 2251 1668 2301 dimissis
1693 2249 1754 2300 P.
1794 2251 1991 2300 demis-

273 2349 391 2384 sum
429 2333 472 2383 C
504 2327 653 2385 corr.
713 2338 953 2385 setosum
989 2334 1054 2385 P.
1092 2336 1328 2385 saetosis
1366 2335 1408 2383 C
1440 2350 1577 2386 corr.
1653 2333 1715 2384 10
1749 2336 1988 2400 insequi·

271 2424 467 2484 turque
501 2421 901 2484 paraphrastes,
940 2421 1206 2470 Palatinus
1230 2428 1281 2470 et
1310 2421 1647 2483 Gabeljauius.
1705 2421 1989 2486 consequi-

270 2508 465 2568 turque
502 2504 620 2576 libri
654 2506 863 2571 antiqui.
942 2504 1002 2554 12
1038 2506 1321 2571 discrepat
1357 2505 1417 2561 Ρ.

404 2590 575 2641 xlm.
646 2590 744 2639 DE
781 2590 955 2640 IOVE
994 2591 1089 2640 ET
1195 2590 1411 2641 NOTIS
1446 2590 1887 2642 ANIMALIBVS
1924 2591 1988 2641 A.

268 2673 368 2723 DE
407 2673 608 2724 SIMIA
633 2673 691 2723 C.
761 2676 792 2724 2
828 2677 1062 2740 pignora
1090 2677 1295 2726 Guietus
1329 2682 1380 2726 et
1419 2676 1824 2740 CanneyieteruS.
1865 2677 1989 2739 quoi

269 2757 334 2808 L.
364 2759 548 2810 forent
571 2758 635 2808 F.
684 2760 778 2823 qui
805 2796 845 2810 ..
864 2798 875 2811 .
904 2761 1062 2811 daret
1090 2761 1222 2811 libri.
1296 2759 1327 2810 3
1353 2776 1525 2826 genus
1550 2777 1641 2811 om.
1670 2759 1732 2810 P.
1803 2761 1836 2809 4
1863 2776 1987 2810 eon-

271 2844 415 2910 gerit
450 2859 585 2894 aura
617 2843 671 2894 F
713 2843 801 2909 (cf.
840 2843 889 2910 8,
928 2845 999 2908 5).
1073 2848 1287 2912 cogitur
1331 2846 1411 2896 ire
1456 2845 1588 2895 libri.
1662 2846 1787 2896 inde
1824 2847 1990 2897 Lach-

269 2945 476 2979 mannus
512 2933 598 2995 qui
628 2948 678 2980 u.
715 2929 765 2979 5.
793 2929 827 2980 6
861 2935 1064 2995 spurios
1105 2932 1367 2982 iudicauit.
1438 2931 1470 2981 5
1507 2931 1605 2981 sed
1637 2947 1742 2981 nec
1895 2932 1986 2981 de—

269 3017 397 3062 sunt
416 3050 428 3062 .
447 3049 488 3063 ..
507 3013 596 3064 uel
621 3016 881 3080 quiequid
905 3017 1035 3067 libri.
1093 3021 1209 3068 ut..
1227 3016 1488 3068 ‚desint..
1510 3032 1639 3066 .nec
1653 3015 1714 3065 F.
1786 3014 1819 3064 6
1842 3017 1989 3081 prior

268 3097 330 3147 Ρ.
407 3098 437 3147 7
472 3100 709 3165 undique
745 3117 869 3151 mox
905 3101 968 3151 F.
1038 3102 1183 3152 inter
1219 3116 1354 3167 quos
1390 3101 1521 3152 libri.
1560 3101 1829 3165 pingnera
1864 3118 1913 3150 u.
1939 3117 1983 3151 c.

270 3183 570 3247 Cabeljauii.
642 3183 675 3233 8
710 3186 907 3236 iuditio
920 3177 993 3235 Ψ.
1068 3187 1421 3251 disqutienda
1457 3204 1489 3237 u
1531 3202 1573 3240 c.
1615 3185 1915 3248 Cabeljauii.
