<?xml version="1.0" encoding="UTF-8"?>
<!DOCTYPE html PUBLIC "-//W3C//DTD XHTML 1.0 Transitional//EN"
    "http://www.w3.org/TR/xhtml1/DTD/xhtml1-transitional.dtd">
<html xmlns="http://www.w3.org/1999/xhtml" xml:lang="en" lang="en">
 <head>
  <title>
</title>
<meta http-equiv="Content-Type" content="text/html;charset=utf-8" />
  <meta name='ocr-system' content='tesseract 3.04.00' />
  <meta name='ocr-capabilities' content='ocr_page ocr_carea ocr_par ocr_line ocrx_word'/>
</head>
<body>
  <div class='ocr_page' id='page_1' title='image "avianifabvlaexx00froegoog_0080.png"; bbox 0 0 2502 3620; ppageno 0'>
   <div class='ocr_carea' id='block_1_1' title="bbox 1167 490 1645 569">
    <p class='ocr_par' dir='ltr' id='par_1_1' title="bbox 1167 490 1645 569">
     <span class='ocr_line' id='line_1_1' title="bbox 1167 490 1645 569; baseline 0 -3"><span class='ocrx_word' id='word_1_1' title='bbox 1167 490 1645 569; x_wconf 88' lang='lat' dir='ltr'><strong>ANONYMI</strong></span> 
     </span>
    </p>
   </div>
   <div class='ocr_carea' id='block_1_2' title="bbox 962 642 1812 731">
    <p class='ocr_par' dir='ltr' id='par_1_2' title="bbox 962 642 1812 731">
     <span class='ocr_line' id='line_1_2' title="bbox 962 642 1812 731; baseline 0.001 -24"><span class='ocrx_word' id='word_1_2' title='bbox 962 642 1191 709; x_wconf 86' lang='lat' dir='ltr'><strong>fabula</strong></span> <span class='ocrx_word' id='word_1_3' title='bbox 1234 644 1316 709; x_wconf 87' lang='lat' dir='ltr'><strong>de</strong></span> <span class='ocrx_word' id='word_1_4' title='bbox 1362 667 1491 709; x_wconf 88' lang='lat' dir='ltr'><strong>anu</strong></span> <span class='ocrx_word' id='word_1_5' title='bbox 1536 654 1601 709; x_wconf 86' lang='lat' dir='ltr'><strong>et</strong></span> <span class='ocrx_word' id='word_1_6' title='bbox 1637 644 1812 731; x_wconf 89' lang='lat' dir='ltr'><strong>lupo.</strong></span> 
     </span>
    </p>
   </div>
   <div class='ocr_carea' id='block_1_3' title="bbox 528 836 1887 1015">
    <p class='ocr_par' dir='ltr' id='par_1_3' title="bbox 528 836 1887 1015">
     <span class='ocr_line' id='line_1_3' title="bbox 528 836 1847 913; baseline 0.004 -22"><span class='ocrx_word' id='word_1_7' title='bbox 528 836 678 893; x_wconf 85' lang='lat' dir='ltr'><strong>Iurat</strong></span> <span class='ocrx_word' id='word_1_8' title='bbox 709 854 845 893; x_wconf 83' lang='lat' dir='ltr'><strong>anus</strong></span> <span class='ocrx_word' id='word_1_9' title='bbox 876 836 1027 893; x_wconf 84' lang='lat' dir='ltr'><strong>flenti</strong></span> <span class='ocrx_word' id='word_1_10' title='bbox 1056 856 1227 913; x_wconf 85' lang='lat' dir='ltr'><strong>puero</strong></span> <span class='ocrx_word' id='word_1_11' title='bbox 1262 841 1314 895; x_wconf 88' lang='lat' dir='ltr'><strong>ni</strong></span> <span class='ocrx_word' id='word_1_12' title='bbox 1349 842 1651 913; x_wconf 77' lang='lat' dir='ltr'><strong>supprimat</strong></span> <span class='ocrx_word' id='word_1_13' title='bbox 1682 841 1814 896; x_wconf 86' lang='lat' dir='ltr'><strong>iram</strong></span> <span class='ocrx_word' id='word_1_14' title='bbox 1834 882 1847 903; x_wconf 90' lang='lat'>‚</span> 
     </span>
     <span class='ocr_line' id='line_1_4' title="bbox 614 929 1887 1015; baseline 0.002 -22"><span class='ocrx_word' id='word_1_15' title='bbox 614 955 736 995; x_wconf 80' lang='lat' dir='ltr'><strong>esca</strong></span> <span class='ocrx_word' id='word_1_16' title='bbox 766 938 896 1012; x_wconf 88' lang='lat' dir='ltr'><strong>lupo</strong></span> <span class='ocrx_word' id='word_1_17' title='bbox 929 939 1161 996; x_wconf 83' lang='lat' dir='ltr'><strong>dabitur.</strong></span> <span class='ocrx_word' id='word_1_18' title='bbox 1223 941 1342 997; x_wconf 84' lang='lat' dir='ltr'><strong>Stat</strong></span> <span class='ocrx_word' id='word_1_19' title='bbox 1371 929 1690 1015; x_wconf 64' lang='lat' dir='ltr'><strong>lupus&#39;ante</strong></span> <span class='ocrx_word' id='word_1_20' title='bbox 1723 943 1887 997; x_wconf 75' lang='lat' dir='ltr'><strong>sores,</strong></span> 
     </span>
    </p>
   </div>
   <div class='ocr_carea' id='block_1_4' title="bbox 530 1041 2045 1117">
    <p class='ocr_par' dir='ltr' id='par_1_4' title="bbox 530 1041 2045 1117">
     <span class='ocr_line' id='line_1_5' title="bbox 530 1041 2045 1117; baseline 0.001 -22"><span class='ocrx_word' id='word_1_21' title='bbox 530 1041 615 1095; x_wconf 86' lang='lat' dir='ltr'><strong>Sic</strong></span> <span class='ocrx_word' id='word_1_22' title='bbox 645 1058 779 1096; x_wconf 84' lang='lat' dir='ltr'><strong>anus</strong></span> <span class='ocrx_word' id='word_1_23' title='bbox 810 1058 916 1097; x_wconf 81' lang='lat' dir='ltr'><strong>una</strong></span> <span class='ocrx_word' id='word_1_24' title='bbox 948 1041 1113 1097; x_wconf 86' lang='lat' dir='ltr'><strong>semel</strong></span> <span class='ocrx_word' id='word_1_25' title='bbox 1146 1042 1237 1099; x_wconf 85' lang='lat' dir='ltr'><strong>dat</strong></span> <span class='ocrx_word' id='word_1_26' title='bbox 1268 1044 1708 1117; x_wconf 84' lang='lat' dir='ltr'><strong>promissumque</strong></span> <span class='ocrx_word' id='word_1_27' title='bbox 1740 1044 2045 1116; x_wconf 82' lang='lat' dir='ltr'><strong>minasque:</strong></span> 
     </span>
    </p>
   </div>
   <div class='ocr_carea' id='block_1_5' title="bbox 525 1144 1936 1514">
    <p class='ocr_par' dir='ltr' id='par_1_5' title="bbox 525 1144 1936 1514">
     <span class='ocr_line' id='line_1_6' title="bbox 610 1144 1936 1217; baseline 0.003 -21"><span class='ocrx_word' id='word_1_28' title='bbox 610 1145 939 1214; x_wconf 73' lang='lat' dir='ltr'><strong>pnomissum</strong></span> <span class='ocrx_word' id='word_1_29' title='bbox 972 1153 1154 1217; x_wconf 82' lang='lat' dir='ltr'><strong>sperat</strong></span> <span class='ocrx_word' id='word_1_30' title='bbox 1184 1146 1302 1207; x_wconf 90' lang='lat' dir='ltr'><strong>hic,</strong></span> <span class='ocrx_word' id='word_1_31' title='bbox 1338 1147 1489 1200; x_wconf 89' lang='lat' dir='ltr'><strong>timet</strong></span> <span class='ocrx_word' id='word_1_32' title='bbox 1519 1144 1610 1200; x_wconf 86' lang='lat' dir='ltr'><strong>ille</strong></span> <span class='ocrx_word' id='word_1_33' title='bbox 1639 1147 1830 1202; x_wconf 79' lang='lat' dir='ltr'><strong>minaS.</strong></span> <span class='ocrx_word' id='word_1_34' title='bbox 1925 1167 1936 1178; x_wconf 95' lang='lat'><strong>·</strong></span> 
     </span>
     <span class='ocr_line' id='line_1_7' title="bbox 525 1242 1876 1321; baseline 0.004 -24"><span class='ocrx_word' id='word_1_35' title='bbox 525 1242 622 1298; x_wconf 84' lang='lat' dir='ltr'><strong>llic</strong></span> <span class='ocrx_word' id='word_1_36' title='bbox 652 1245 951 1300; x_wconf 82' lang='lat' dir='ltr'><strong>iuramento</strong></span> <span class='ocrx_word' id='word_1_37' title='bbox 986 1263 1136 1319; x_wconf 89' lang='lat' dir='ltr'><strong>spem</strong></span> <span class='ocrx_word' id='word_1_38' title='bbox 1168 1248 1440 1321; x_wconf 84' lang='lat' dir='ltr'><strong>concipit,</strong></span> <span class='ocrx_word' id='word_1_39' title='bbox 1473 1246 1564 1301; x_wconf 90' lang='lat' dir='ltr'><strong>ille</strong></span> <span class='ocrx_word' id='word_1_40' title='bbox 1599 1248 1876 1305; x_wconf 82' lang='lat' dir='ltr'><strong>timorem:</strong></span> 
     </span>
     <span class='ocr_line' id='line_1_8' title="bbox 611 1346 1689 1419; baseline 0.005 -20"><span class='ocrx_word' id='word_1_41' title='bbox 611 1346 695 1401; x_wconf 83' lang='lat' dir='ltr'><strong>hic</strong></span> <span class='ocrx_word' id='word_1_42' title='bbox 726 1362 821 1419; x_wconf 83' lang='lat' dir='ltr'><strong>spe</strong></span> <span class='ocrx_word' id='word_1_43' title='bbox 853 1347 1175 1410; x_wconf 64' lang='lat' dir='ltr'><strong>fraudatur,</strong></span> <span class='ocrx_word' id='word_1_44' title='bbox 1197 1349 1290 1404; x_wconf 83' lang='lat' dir='ltr'><strong>ille</strong></span> <span class='ocrx_word' id='word_1_45' title='bbox 1323 1351 1516 1406; x_wconf 84' lang='lat' dir='ltr'><strong>timore</strong></span> <span class='ocrx_word' id='word_1_46' title='bbox 1548 1349 1689 1405; x_wconf 86' lang='lat' dir='ltr'><strong>silet.</strong></span> 
     </span>
     <span class='ocr_line' id='line_1_9' title="bbox 525 1445 1802 1514; baseline 0.003 -13"><span class='ocrx_word' id='word_1_47' title='bbox 525 1445 701 1502; x_wconf 86' lang='lat' dir='ltr'><strong>Motus</strong></span> <span class='ocrx_word' id='word_1_48' title='bbox 733 1465 1022 1511; x_wconf 81' lang='lat' dir='ltr'><strong>cunarum,</strong></span> <span class='ocrx_word' id='word_1_49' title='bbox 1055 1468 1161 1506; x_wconf 83' lang='lat' dir='ltr'><strong>uox</strong></span> <span class='ocrx_word' id='word_1_50' title='bbox 1190 1453 1409 1514; x_wconf 80' lang='lat' dir='ltr'><strong>matriS‚</strong></span> <span class='ocrx_word' id='word_1_51' title='bbox 1442 1450 1613 1507; x_wconf 80' lang='lat' dir='ltr'><strong>taedia</strong></span> <span class='ocrx_word' id='word_1_52' title='bbox 1644 1451 1802 1507; x_wconf 85' lang='lat' dir='ltr'><strong>flendi</strong></span> 
     </span>
    </p>
   </div>
   <div class='ocr_carea' id='block_1_6' title="bbox 610 1551 2023 1626">
    <p class='ocr_par' dir='ltr' id='par_1_6' title="bbox 610 1551 2023 1626">
     <span class='ocr_line' id='line_1_10' title="bbox 610 1551 2023 1626; baseline 0.004 -23"><span class='ocrx_word' id='word_1_53' title='bbox 610 1552 754 1622; x_wconf 87' lang='lat' dir='ltr'><strong>sopit</strong></span> <span class='ocrx_word' id='word_1_54' title='bbox 784 1566 933 1613; x_wconf 88' lang='lat' dir='ltr'><strong>eum,</strong></span> <span class='ocrx_word' id='word_1_55' title='bbox 966 1551 1203 1608; x_wconf 83' lang='lat' dir='ltr'><strong>mulcent</strong></span> <span class='ocrx_word' id='word_1_56' title='bbox 1235 1555 1470 1614; x_wconf 82' lang='lat' dir='ltr'><strong>somnia,</strong></span> <span class='ocrx_word' id='word_1_57' title='bbox 1502 1553 1741 1609; x_wconf 80' lang='lat' dir='ltr'><strong>membra</strong></span> <span class='ocrx_word' id='word_1_58' title='bbox 1773 1561 2023 1626; x_wconf 80' lang='lat' dir='ltr'><strong>granant.</strong></span> 
     </span>
    </p>
   </div>
   <div class='ocr_carea' id='block_1_7' title="bbox 518 1648 1977 2425">
    <p class='ocr_par' dir='ltr' id='par_1_7' title="bbox 524 1648 1898 1829">
     <span class='ocr_line' id='line_1_11' title="bbox 524 1648 1898 1726; baseline 0.004 -21"><span class='ocrx_word' id='word_1_59' title='bbox 524 1648 612 1706; x_wconf 89' lang='lat' dir='ltr'><strong>Sic</strong></span> <span class='ocrx_word' id='word_1_60' title='bbox 644 1660 897 1725; x_wconf 81' lang='lat' dir='ltr'><strong>superata</strong></span> <span class='ocrx_word' id='word_1_61' title='bbox 926 1670 1070 1726; x_wconf 85' lang='lat' dir='ltr'><strong>puer</strong></span> <span class='ocrx_word' id='word_1_62' title='bbox 1099 1671 1288 1711; x_wconf 87' lang='lat' dir='ltr'>somno</span> <span class='ocrx_word' id='word_1_63' title='bbox 1321 1655 1411 1711; x_wconf 82' lang='lat' dir='ltr'><strong>dat</strong></span> <span class='ocrx_word' id='word_1_64' title='bbox 1440 1655 1670 1719; x_wconf 87' lang='lat' dir='ltr'><strong>lumina;</strong></span> <span class='ocrx_word' id='word_1_65' title='bbox 1705 1657 1782 1712; x_wconf 87' lang='lat' dir='ltr'><strong>sic</strong></span> <span class='ocrx_word' id='word_1_66' title='bbox 1813 1664 1898 1711; x_wconf 88' lang='lat' dir='ltr'><strong>est</strong></span> 
     </span>
     <span class='ocr_line' id='line_1_12' title="bbox 605 1753 1551 1829; baseline 0.005 -22"><span class='ocrx_word' id='word_1_67' title='bbox 605 1753 765 1810; x_wconf 89' lang='lat' dir='ltr'>huius</span> <span class='ocrx_word' id='word_1_68' title='bbox 798 1771 922 1829; x_wconf 88' lang='lat' dir='ltr'><strong>spes</strong></span> <span class='ocrx_word' id='word_1_69' title='bbox 954 1757 1068 1810; x_wconf 88' lang='lat' dir='ltr'><strong>eius</strong></span> <span class='ocrx_word' id='word_1_70' title='bbox 1101 1764 1356 1814; x_wconf 82' lang='lat' dir='ltr'><strong>euacuata</strong></span> <span class='ocrx_word' id='word_1_71' title='bbox 1388 1766 1551 1814; x_wconf 84' lang='lat' dir='ltr'><strong>metu.</strong></span> 
     </span>
    </p>

    <p class='ocr_par' dir='ltr' id='par_1_8' title="bbox 521 1855 1977 2036">
     <span class='ocr_line' id='line_1_13' title="bbox 521 1855 1977 1934; baseline 0.004 -25"><span class='ocrx_word' id='word_1_72' title='bbox 521 1855 618 1911; x_wconf 87' lang='lat' dir='ltr'><strong>llic</strong></span> <span class='ocrx_word' id='word_1_73' title='bbox 648 1856 788 1913; x_wconf 86' lang='lat' dir='ltr'><strong>redit</strong></span> <span class='ocrx_word' id='word_1_74' title='bbox 818 1857 1042 1920; x_wconf 88' lang='lat' dir='ltr'><strong>illusus,</strong></span> <span class='ocrx_word' id='word_1_75' title='bbox 1074 1858 1204 1934; x_wconf 86' lang='lat' dir='ltr'><strong>lupa</strong></span> <span class='ocrx_word' id='word_1_76' title='bbox 1234 1862 1453 1915; x_wconf 82' lang='lat' dir='ltr'><strong>coniux:</strong></span> <span class='ocrx_word' id='word_1_77' title='bbox 1503 1860 1649 1934; x_wconf 71' lang='lat' dir='ltr'><strong>‘quis</strong></span> <span class='ocrx_word' id='word_1_78' title='bbox 1683 1858 1813 1915; x_wconf 87' lang='lat' dir='ltr'><strong>tibi&#39;</strong></span> <span class='ocrx_word' id='word_1_79' title='bbox 1846 1861 1977 1916; x_wconf 79' lang='lat' dir='ltr'><strong>dixit</strong></span> 
     </span>
     <span class='ocr_line' id='line_1_14' title="bbox 605 1958 1914 2036; baseline 0.003 -22"><span class='ocrx_word' id='word_1_80' title='bbox 605 1958 876 2016; x_wconf 70' lang='lat' dir='ltr'><strong>‘desectus</strong></span> <span class='ocrx_word' id='word_1_81' title='bbox 906 1961 1169 2034; x_wconf 81' lang='lat' dir='ltr'><strong>praedae?</strong></span> <span class='ocrx_word' id='word_1_82' title='bbox 1201 1979 1339 2036; x_wconf 75' lang='lat' dir='ltr'><strong>quae</strong></span> <span class='ocrx_word' id='word_1_83' title='bbox 1376 1960 1470 2016; x_wconf 85' lang='lat' dir='ltr'><strong>tibi</strong></span> <span class='ocrx_word' id='word_1_84' title='bbox 1496 1980 1654 2018; x_wconf 79' lang='lat' dir='ltr'><strong>causa</strong></span> <span class='ocrx_word' id='word_1_85' title='bbox 1687 1962 1914 2018; x_wconf 83' lang='lat' dir='ltr'><strong>famis?&#39;</strong></span> 
     </span>
    </p>

    <p class='ocr_par' dir='ltr' id='par_1_9' title="bbox 518 2058 1835 2239">
     <span class='ocr_line' id='line_1_15' title="bbox 518 2058 1835 2134; baseline 0.005 -22"><span class='ocrx_word' id='word_1_86' title='bbox 518 2058 614 2115; x_wconf 87' lang='lat' dir='ltr'><strong>Cui</strong></span> <span class='ocrx_word' id='word_1_87' title='bbox 644 2060 834 2134; x_wconf 87' lang='lat' dir='ltr'><strong>lupus:</strong></span> <span class='ocrx_word' id='word_1_88' title='bbox 883 2060 1089 2117; x_wconf 73' lang='lat' dir='ltr'><strong>‘illusit</strong></span> <span class='ocrx_word' id='word_1_89' title='bbox 1120 2062 1281 2119; x_wconf 79' lang='lat' dir='ltr'>fallax</span> <span class='ocrx_word' id='word_1_90' title='bbox 1309 2078 1393 2117; x_wconf 87' lang='lat' dir='ltr'><strong>me</strong></span> <span class='ocrx_word' id='word_1_91' title='bbox 1426 2063 1619 2120; x_wconf 81' lang='lat' dir='ltr'><strong>femina</strong></span> <span class='ocrx_word' id='word_1_92' title='bbox 1651 2067 1835 2120; x_wconf 76' lang='lat' dir='ltr'><strong>iurans</strong></span> 
     </span>
     <span class='ocr_line' id='line_1_16' title="bbox 605 2164 1811 2239; baseline 0.002 -22"><span class='ocrx_word' id='word_1_93' title='bbox 605 2164 813 2219; x_wconf 82' lang='lat' dir='ltr'><strong>uiscera</strong></span> <span class='ocrx_word' id='word_1_94' title='bbox 845 2164 1149 2221; x_wconf 86' lang='lat' dir='ltr'><strong>uisceribus</strong></span> <span class='ocrx_word' id='word_1_95' title='bbox 1180 2181 1405 2239; x_wconf 83' lang='lat' dir='ltr'><strong>pascere</strong></span> <span class='ocrx_word' id='word_1_96' title='bbox 1434 2175 1622 2222; x_wconf 83' lang='lat' dir='ltr'><strong>nostra</strong></span> <span class='ocrx_word' id='word_1_97' title='bbox 1654 2165 1811 2222; x_wconf 60' lang='lat' dir='ltr'>suis?</span> 
     </span>
    </p>

    <p class='ocr_par' dir='ltr' id='par_1_10' title="bbox 518 2263 1748 2425">
     <span class='ocr_line' id='line_1_17' title="bbox 518 2263 1748 2341; baseline 0.003 -21"><span class='ocrx_word' id='word_1_98' title='bbox 518 2263 620 2331; x_wconf 87' lang='lat' dir='ltr'><strong>Qui</strong></span> <span class='ocrx_word' id='word_1_99' title='bbox 650 2264 765 2322; x_wconf 82' lang='lat' dir='ltr'><strong>falli</strong></span> <span class='ocrx_word' id='word_1_100' title='bbox 795 2267 1022 2329; x_wconf 86' lang='lat' dir='ltr'><strong>meruit,</strong></span> <span class='ocrx_word' id='word_1_101' title='bbox 1054 2266 1297 2341; x_wconf 83' lang='lat' dir='ltr'><strong>exemplo</strong></span> <span class='ocrx_word' id='word_1_102' title='bbox 1330 2265 1499 2324; x_wconf 80' lang='lat' dir='ltr'><strong>discat</strong></span> <span class='ocrx_word' id='word_1_103' title='bbox 1529 2270 1581 2323; x_wconf 90' lang='lat' dir='ltr'><strong>in</strong></span> <span class='ocrx_word' id='word_1_104' title='bbox 1614 2271 1748 2330; x_wconf 87' lang='lat' dir='ltr'><strong>isto,</strong></span> 
     </span>
     <span class='ocr_line' id='line_1_18' title="bbox 602 2366 1647 2425; baseline 0.003 -3"><span class='ocrx_word' id='word_1_105' title='bbox 602 2367 862 2423; x_wconf 82' lang='lat' dir='ltr'><strong>femineae</strong></span> <span class='ocrx_word' id='word_1_106' title='bbox 893 2366 1015 2425; x_wconf 84' lang='lat' dir='ltr'><strong>fidei</strong></span> <span class='ocrx_word' id='word_1_107' title='bbox 1046 2387 1153 2424; x_wconf 88' lang='lat' dir='ltr'><strong>non</strong></span> <span class='ocrx_word' id='word_1_108' title='bbox 1184 2368 1441 2425; x_wconf 82' lang='lat' dir='ltr'><strong>adhibere</strong></span> <span class='ocrx_word' id='word_1_109' title='bbox 1472 2369 1647 2425; x_wconf 88' lang='lat' dir='ltr'><strong>fidem.</strong></span> 
     </span>
    </p>
   </div>
   <div class='ocr_carea' id='block_1_8' title="bbox 2172 2375 2241 2427">
    <p class='ocr_par' dir='ltr' id='par_1_11' title="bbox 2172 2375 2241 2427">
     <span class='ocr_line' id='line_1_19' title="bbox 2172 2375 2241 2427; baseline 0.029 -2"><span class='ocrx_word' id='word_1_110' title='bbox 2172 2375 2241 2427; x_wconf 87' lang='grc'><strong>16</strong></span> 
     </span>
    </p>
   </div>
   <div class='ocr_carea' id='block_1_9' title="bbox 515 2602 2242 2838">
    <p class='ocr_par' dir='ltr' id='par_1_12' title="bbox 515 2602 2242 2838">
     <span class='ocr_line' id='line_1_20' title="bbox 660 2602 2242 2669; baseline 0.003 -18"><span class='ocrx_word' id='word_1_111' title='bbox 660 2602 867 2667; x_wconf 69' lang='lat' dir='ltr'><strong>W&#39;rz&#39;ylzt</strong></span> <span class='ocrx_word' id='word_1_112' title='bbox 901 2603 1008 2652; x_wconf 89' lang='lat' dir='ltr'><strong>and</strong></span> <span class='ocrx_word' id='word_1_113' title='bbox 1042 2604 1311 2658; x_wconf 79' lang='lat' dir='ltr'><strong>Halliwell,</strong></span> <span class='ocrx_word' id='word_1_114' title='bbox 1350 2602 1615 2668; x_wconf 86' lang='lat' dir='ltr'><strong>reliquiae</strong></span> <span class='ocrx_word' id='word_1_115' title='bbox 1654 2603 1912 2668; x_wconf 82' lang='lat' dir='ltr'><strong>antiquae</strong></span> <span class='ocrx_word' id='word_1_116' title='bbox 1948 2603 1974 2653; x_wconf 93' lang='lat'>1</span> <span class='ocrx_word' id='word_1_117' title='bbox 2007 2604 2109 2654; x_wconf 84' lang='lat'><strong>204</strong></span> <span class='ocrx_word' id='word_1_118' title='bbox 2146 2606 2242 2669; x_wconf 73' lang='lat' dir='ltr'><strong>(ex</strong></span> 
     </span>
     <span class='ocr_line' id='line_1_21' title="bbox 516 2685 2239 2753; baseline 0.003 -18"><span class='ocrx_word' id='word_1_119' title='bbox 516 2689 627 2740; x_wconf 83' lang='lat' dir='ltr'><strong>cod.</strong></span> <span class='ocrx_word' id='word_1_120' title='bbox 657 2687 866 2737; x_wconf 82' lang='lat' dir='ltr'><strong>Cantab.</strong></span> <span class='ocrx_word' id='word_1_121' title='bbox 892 2689 993 2740; x_wconf 84' lang='lat' dir='ltr'><strong>Ms.</strong></span> <span class='ocrx_word' id='word_1_122' title='bbox 1022 2687 1125 2740; x_wconf 89' lang='lat' dir='ltr'><strong>Dd.</strong></span> <span class='ocrx_word' id='word_1_123' title='bbox 1154 2687 1248 2750; x_wconf 90' lang='lat' dir='ltr'><strong>XI,</strong></span> <span class='ocrx_word' id='word_1_124' title='bbox 1276 2686 1343 2736; x_wconf 89' lang='lat'><strong>78</strong></span> <span class='ocrx_word' id='word_1_125' title='bbox 1367 2686 1461 2738; x_wconf 89' lang='lat' dir='ltr'><strong>fol.</strong></span> <span class='ocrx_word' id='word_1_126' title='bbox 1493 2685 1661 2750; x_wconf 67' lang='lat'><strong>14911).</strong></span> <span class='ocrx_word' id='word_1_127' title='bbox 1699 2689 1782 2736; x_wconf 81' lang='lat' dir='ltr'><strong>Du</strong></span> <span class='ocrx_word' id='word_1_128' title='bbox 1807 2688 1977 2747; x_wconf 61' lang='lat' dir='ltr'><strong>Mer-il,</strong></span> <span class='ocrx_word' id='word_1_129' title='bbox 2014 2687 2239 2753; x_wconf 75' lang='lat' dir='ltr'><strong>poe‘sies</strong></span> 
     </span>
     <span class='ocr_line' id='line_1_22' title="bbox 515 2770 2238 2838; baseline 0.002 -17"><span class='ocrx_word' id='word_1_130' title='bbox 515 2770 754 2822; x_wconf 64' lang='lat' dir='ltr'><strong>incditcs</strong></span> <span class='ocrx_word' id='word_1_131' title='bbox 790 2790 842 2838; x_wconf 88' lang='lat' dir='ltr'><strong>p.</strong></span> <span class='ocrx_word' id='word_1_132' title='bbox 869 2772 986 2825; x_wconf 81' lang='lat'><strong>262.</strong></span> <span class='ocrx_word' id='word_1_133' title='bbox 1014 2799 1079 2807; x_wconf 94' lang='lat'><strong>—</strong></span> <span class='ocrx_word' id='word_1_134' title='bbox 1112 2773 1174 2823; x_wconf 94' lang='lat' dir='ltr'><strong>V.</strong></span> <span class='ocrx_word' id='word_1_135' title='bbox 1215 2770 1247 2821; x_wconf 89' lang='lat'><strong>3</strong></span> <span class='ocrx_word' id='word_1_136' title='bbox 1283 2774 1619 2837; x_wconf 86' lang='lat' dir='ltr'><strong>promissum,</strong></span> <span class='ocrx_word' id='word_1_137' title='bbox 1658 2773 1689 2822; x_wconf 88' lang='lat'>5</span> <span class='ocrx_word' id='word_1_138' title='bbox 1725 2773 2042 2836; x_wconf 79' lang='lat' dir='ltr'><strong>iuramenti,</strong></span> <span class='ocrx_word' id='word_1_139' title='bbox 2083 2775 2114 2823; x_wconf 85' lang='lat'>7</span> <span class='ocrx_word' id='word_1_140' title='bbox 2143 2790 2238 2825; x_wconf 89' lang='lat' dir='ltr'><strong>cu·</strong></span> 
     </span>
    </p>
   </div>
   <div class='ocr_carea' id='block_1_10' title="bbox 515 2856 1598 2922">
    <p class='ocr_par' dir='ltr' id='par_1_13' title="bbox 515 2856 1598 2922">
     <span class='ocr_line' id='line_1_23' title="bbox 515 2856 1598 2922; baseline 0.003 -15"><span class='ocrx_word' id='word_1_141' title='bbox 515 2873 720 2921; x_wconf 83' lang='lat' dir='ltr'><strong>narem,</strong></span> <span class='ocrx_word' id='word_1_142' title='bbox 758 2856 792 2907; x_wconf 83' lang='lat'>8</span> <span class='ocrx_word' id='word_1_143' title='bbox 827 2858 1028 2909; x_wconf 83' lang='lat' dir='ltr'><strong>mulcet</strong></span> <span class='ocrx_word' id='word_1_144' title='bbox 1177 2862 1375 2922; x_wconf 84' lang='lat' dir='ltr'><strong>grauat</strong></span> <span class='ocrx_word' id='word_1_145' title='bbox 1411 2860 1598 2910; x_wconf 78' lang='lat' dir='ltr'><strong>codex.</strong></span> 
     </span>
    </p>
   </div>
   <div class='ocr_carea' id='block_1_11' title="bbox 1168 3098 1570 3107">
    <p class='ocr_par' dir='ltr' id='par_1_14' title="bbox 1168 3098 1570 3107">
     <span class='ocr_line' id='line_1_24' title="bbox 1168 3098 1570 3107; baseline 0.002 -3"><span class='ocrx_word' id='word_1_146' title='bbox 1168 3098 1570 3107; x_wconf 63' lang='lat'>——-—-——————-</span> 
     </span>
    </p>
   </div>
  </div>
 </body>
</html>
