2502 3620
258 3277 295 3305 S

1064 159 1292 200 Alem
1942 151 2021 210 73

298 314 529 371 afferens
571 314 781 372 laudem
825 320 878 368 et
923 315 1205 371 uictoriam
1264 316 1377 370 suis
1418 315 1768 374 exhibendam
1822 318 2021 375 fetibus

297 416 671 492 praedicabat,
717 419 787 473 ita
833 423 892 472 ut
941 417 1119 489 ipsum
1163 416 1343 473 louein
1391 426 1445 473 et
1477 425 1644 474 totam
1676 419 1896 476 deorum
1931 439 2024 477 cu-

299 521 431 575 riam
464 527 790 592 prouocare-t
820 518 886 574 ad
917 520 1102 573 risum.

387 654 474 711 Sic
505 672 621 710 mos
653 663 736 710 est
767 655 900 710 fatui
917 696 937 715 ,,
963 653 1107 727 quod
1138 654 1392 729 quicquid
1428 655 1617 711 fecerit
1649 658 1797 730 ipse,

467 755 574 811 uile
604 755 728 811 licet
759 756 950 817 fuerit,
990 755 1257 829 approbat
1288 758 1406 831 ipse
1442 765 1633 813 tamen.

1080 1003 1231 1067 XV.

423 1162 566 1219 Pauo
602 1162 848 1218 stellatus
881 1171 934 1217 et
965 1171 1086 1219 rota
1117 1161 1438 1236 superbiens
1470 1180 1661 1235 gruem
1685 1140 1842 1221 ⁴liuidi
1874 1163 2025 1222 colo·
2083 1216 2088 1223 .

299 1268 376 1321 ris
406 1264 668 1337 arguebat
698 1264 1010 1319 deformem.
1072 1264 1170 1320 Cui
1202 1282 1335 1336 grus
1367 1266 1678 1339 respondit:

384 1401 402 1431 ‘⁴'
423 1403 671 1475 quamuis
703 1403 1020 1481 innumerus
1051 1400 1264 1474 plumas
1297 1401 1589 1457 uariauerit
1620 1402 1783 1464 ordo,

465 1520 677 1559 mersus
709 1504 854 1558 humi
887 1518 1102 1575 semper
1133 1503 1328 1559 florida
1361 1511 1512 1576 terga
1543 1506 1706 1576 geris,

380 1612 465 1661 ast
495 1621 595 1677 ego
627 1604 855 1661 deformi
887 1603 1134 1660 sublimis
1166 1607 1216 1660 in
1249 1609 1372 1662 aera
1404 1622 1579 1679 penna

463 1708 705 1780 proxima
738 1705 1455 1780 sideribuspnuminibusque
1487 1707 1676 1763 feror?

381 1812 435 1866 Si
468 1808 697 1884 quadam
730 1812 933 1865 uirtute
963 1810 1133 1870 nites,
1165 1826 1232 1864 ne
1264 1809 1480 1883 despice
1512 1826 1864 1884 quemquam,

465 1928 526 1966 ex
556 1911 657 1967 alia
689 1912 917 1985 quadam
950 1912 1189 1966 forsitan·
1216 1909 1308 1966 ille
1337 1913 1490 1967 nitet.

1068 2157 1257 2223 XVI.

417 2317 682 2387 Quercum
743 2325 906 2374 uento
940 2323 1298 2392 “prostratam
1357 2319 1551 2375 detulit
1602 2322 1772 2375 amnis
1824 2321 1877 2375 in
1922 2321 2015 2378 ha·

296 2420 671 2478 rundinetum.-
761 2421 908 2477 Tunc
959 2420 1242 2476 admiranti
1292 2422 1438 2494 quod
1494 2439 1660 2478 canna
1728 2423 1903 2477 tenuis
1966 2425 2018 2478 in

297 2522 498 2597 liquido
544 2523 826 2595 quiescens
869 2530 1068 2583 staret,
1113 2538 1233 2578 cum
1278 2524 1397 2596 ipsa
1442 2525 1494 2578 in
1542 2530 1685 2578 terra
1729 2523 1898 2579 solida
1942 2526 2020 2580 in-

295 2627 442 2698 genti
488 2632 683 2679 truneo
727 2631 779 2678 et
825 2623 1000 2679 radice
1040 2623 1175 2680 fulta
1204 2624 1468 2681 latissima
1499 2627 1696 2681 iaceret
1726 2634 2001 2700 prostrata

299 2725 580 2801 respondit
611 2742 808 2780 canna:

384 2859 470 2916 ‘in
503 2869 595 2917 tua
626 2867 954 2934 praeruptus
986 2862 1208 2917 oss'endit
1239 2861 1439 2919 robora
1471 2871 1696 2925 uentu3‚

464 2963 700 3020 motibus
732 2980 861 3019 aura
890 2964 1024 3018 meis
1054 2963 1328 3021 ludificata
1357 2964 1542 3038 perit?

380 3065 521 3122 Haec
548 3083 649 3122 nos
681 3064 822 3122 dieta
852 3071 1071 3128 monent
1100 3068 1312 3140 magnis
1342 3066 1608 3124 obsistere
1638 3067 1844 3123 frustra

463 3165 829 3240 paulatimque
861 3174 1041 3223 truces
1073 3184 1397 3241 exsuperare
1429 3169 1617 3224 minaS.

430 3278 628 3315 avlam
664 3278 934 3315 FABVLAE.
1677 3269 1717 3330 4
