2502 3620
1108 921 1165 989 Ι.

452 1067 582 1122 Cum
628 1064 822 1121 mulier
867 1082 929 1120 ex
984 1064 1237 1121 clamosis
1296 1066 1512 1139 paruuli
1555 1065 1829 1138 uagitibus
1891 1074 1999 1122 tae-

283 1170 426 1226 diata
479 1185 708 1242 puerum
750 1169 805 1223 in
838 1169 920 1223 sui
963 1169 1325 1223 commotione
1355 1169 1515 1223 animi
1547 1168 1886 1224 lacerandum
1918 1168 2000 1223 lu-

284 1287 481 1346 porum
512 1271 764 1326 dentibus
796 1269 1204 1331 conmendaret‚
1237 1268 1400 1343 lupus
1431 1270 1643 1343 quidam
1675 1272 1999 1342 noctiuagus

283 1379 414 1427 tunc
457 1371 600 1427 forte
644 1372 788 1427 circa
829 1379 970 1428 tecta
1014 1371 1398 1445 perambulans
1442 1380 1497 1427 et
1529 1372 1712 1427 uerbis
1741 1371 1998 1431 mulieris,

284 1491 422 1546 quae
452 1472 721 1536 audierat,
761 1475 920 1529 nimis
959 1472 1212 1530 credulus
1256 1474 1507 1548 praedam
1552 1490 1704 1530 suam
1736 1473 1800 1528 de
1830 1488 1998 1547 puero

283 1575 348 1630 ad
394 1576 594 1631 ostium
637 1577 957 1649 expectauit.
1018 1575 1121 1631 Sed
1161 1575 1377 1632 tandem
1420 1578 1730 1649 quiescente
1771 1574 1998 1648 paruulo

282 1684 338 1732 et
377 1678 589 1732 nutrice
634 1675 804 1732 eidem
846 1676 1125 1734 blandiciis
1166 1677 1438 1734 alludente
1480 1680 1650 1733 sensit
1691 1694 1748 1733 se
1791 1679 1845 1732 in
1875 1695 2001 1751 pro-

281 1760 460 1835 missis
492 1779 801 1854 deceptum,
834 1781 1140 1853 timensque
1171 1778 1462 1836 aduentum
1493 1779 1598 1836 diei
1630 1789 1684 1835 et
1714 1796 1905 1835 canum
1936 1780 2000 1835 ad

280 1880 454 1937 lustra
511 1899 605 1937 sua
660 1881 939 1937 famelicus
994 1882 1156 1937 rediit
1201 1890 1256 1937 et
1295 1883 1524 1938 ieiunus,
1595 1882 1834 1954 Cumque
1875 1880 2002 1954 lupa

280 2001 418 2039 uxor
459 1985 575 2039 eius
619 2000 742 2039 eum
774 1985 1110 2057 increparet,
1154 1983 1301 2057 quod
1341 1985 1395 2039 ln
1440 1991 1737 2059 conspectu
1769 1985 1885 2038 eius
1918 2000 1997 2039 re·

281 2085 434 2140 diens
466 2102 671 2141 uacuus
701 2093 1019 2160 appareret,
1052 2082 1377 2178 respondit!

282 2202 381 2258 ‘Ne
413 2202 649 2259 mireris'
682 2205 758 2261 ait
788 2204 1097 2279 ‘deceptum
1128 2205 1317 2262 fraude
1345 2205 1578 2279 maligna

364 2306 455 2362 uix
484 2308 743 2362 miserum
772 2325 943 2396 uacua
972 2306 1253 2364 delituisse
1283 2308 1428 2380 fuga.

279 2406 519 2481 Namque
550 2424 712 2480 rogas
744 2409 1012 2482 praedam.
1072 2407 1218 2476 Quae
1248 2427 1376 2482 spes
1407 2411 1723 2480 contingere
1753 2415 1970 2482 posset,

362 2510 536 2582 iurgia
568 2512 797 2566 nutricis
829 2527 949 2567 cum
981 2510 1110 2565 mihi
1143 2509 1311 2565 uerba
1340 2509 1602 2566 da1·ent?'

280 2611 422 2669 Haec
451 2611 555 2668 sibi
586 2611 727 2668 dicta
755 2619 912 2687 putet
942 2627 1108 2684 seque
1137 2612 1237 2668 hac
1269 2613 1405 2668 sciat
1436 2620 1552 2668 arte
1582 2614 1774 2673 iocari,

364 2714 647 2771 femineam
680 2714 928 2788 quisquis
960 2713 1190 2771 credidit
1220 2730 1343 2770 esse
1372 2712 1547 2770 fidem.

1087 2929 1178 2993 ΙΙ.

447 3071 684 3129 Testudo
731 3088 881 3128 suam
927 3071 1233 3129 tarditatem
1287 3071 1563 3128 detestans
1605 3079 1668 3127 ut
1711 3070 2001 3127 doceretur

280 3172 466 3230 uolare
509 3173 744 3247 aquilam
787 3174 1032 3230 mercede
1062 3174 1333 3231 conduxit.
1398 3172 1567 3242 Quam
1598 3189 1718 3227 cum
1761 3175 1815 3228 in
1862 3174 2000 3229 aeris
