2502 3620
1013 192 1295 234 FABVLAE
1920 181 1992 239 11

259 416 264 423 .
291 343 625 422 aptauitque
656 343 777 403 suis
804 344 1129 421 incongrua
1158 344 1417 420 tegmina
1447 342 1759 412 memhriS,

373 451 431 503 et
460 445 741 505 miserum
772 450 932 505 tanto
962 444 1433 523 pressit.h0nore
1463 443 1661 523 kaput.
1967 451 2000 501 8

287 552 376 604 ast
405 545 506 606 uhi
538 544 816 608 terribilis
845 547 962 606 iam
994 548 1156 607 asino
1188 548 1410 607 circum
1441 548 1600 607 stetit
1631 547 1869 616 horror,

372 649 655 728 pigraque
686 656 1096 728 praesumptus
1126 650 1290 709 uenit
1318 650 1379 707 in
1410 667 1539 708 ossa
1569 649 1765 726 uigor,

285 749 523 809 mitibus
554 748 651 809 ille
683 750 825 810 feris
855 752 1167 811 conmunia
1196 749 1411 830 pabula
1441 732 1673 810 ealeans

371 851 644 912 turbabat
671 852 914 931 pauidas
943 871 1051 932 per
1082 870 1184 913 sua
1214 870 1355 912 rura
1385 851 1587 912 boues,
1939 860 2000 910 12

287 956 541 1014 rusticus
570 955 729 1015 hune
760 973 971 1033 magna
1000 963 1310 1035 postquam
1341 954 1652 1034 deprendit
1682 953 1753 1014 ab
1785 971 1956 1024 aure,

372 1063 720 1135 conreptum
752 1055 963 1117 uinclis
993 1055 1459 1136 uerberibusque
1490 1055 1705 1117 domat.

291 1164 350 1216 et
378 1157 551 1218 simul
568 1156 876 1237 abstracto
909 1158 1212 1219 denudans
1243 1177 1493 1238 corpora
1523 1166 1717 1236 tergo,

368 1261 634 1337 increpat
664 1261 755 1320 his
785 1263 1068 1321 miserum
1098 1260 1343 1322 uocibus
1373 1261 1470 1320 ille
1500 1279 1706 1340 pecus:
1937 1264 2000 1317 16

284 1360 554 1421 ‘forsitan
586 1363 820 1440 ignotos
849 1364 1073 1423 imitato
1106 1380 1410 1423 murmure
1439 1361 1634 1432 fallas3

366 1469 453 1522 ast
484 1464 656 1533 mihi,
690 1466 789 1543 qui
818 1464 1097 1535 condam,
1132 1483 1368 1546 semper
1398 1464 1609 1526 asellus
1640 1465 1800 1524 eris?

1069 1702 1202 1777 VI.

278 1871 446 1932 Edita
477 1871 803 1950 gurgitibus
833 1872 1090 1954 limoque
1119 1877 1379 1936 inmersa
1408 1874 1702 1954 profundo

365 1981 422 2033 et
449 1973 621 2034 luteis
651 1982 874 2035 tantum
905 1994 1140 2056 semper
1171 1979 1357 2037 amica
1387 1976 1552 2086 uadis

281 2247 390 2297 AG.
461 2247 495 2297 8
529 2263 693 2299 onere
719 2247 780 2297 Ρ.
840 2248 1025 2313 kapud
1062 2247 1159 2312 (sic
1193 2248 1395 2316 ubique)
1430 2268 1479 2304 u.
1506 2267 1551 2300 e.
1593 2248 1891 2312 Cabeijauii.
1961 2244 1996 2295 9

276 2336 388 2383 iam
415 2334 569 2384 asino
595 2333 659 2383 F.
708 2334 888 2383 animo
914 2334 1045 2383 libri.
1094 2336 1258 2386 mimo
1287 2336 1696 2401 Canneyieterus.
1767 2334 1996 2383 eircum-

276 2419 421 2469 stitit
470 2420 863 2483 Canneqieterus
906 2420 1127 2469 codicem
1177 2421 1464 2472 Cortianum
1499 2422 1536 2471 I
1576 2426 1790 2472 secutus.
1930 2417 1995 2467 12

276 2504 534 2554 turbebat
552 2504 600 2553 A
620 2521 651 2554 a
666 2506 838 2568 prima
857 2520 1020 2555 manu.
1070 2520 1171 2555 sua
1190 2505 1366 2556 lustra
1387 2507 1655 2557 Palatinus
1673 2523 1780 2556 cum
1806 2504 1997 2554 duobus

275 2588 542 2639 Pulmanm'
574 2586 729 2639 libris'
752 2588 888 2654 (uide
926 2590 1017 2653 17,
1054 2588 1127 2655 2).
1239 2589 1301 2641 13
1338 2591 1700 2656 deprehendit
1734 2589 1847 2640 AP.
1931 2587 1996 2637 14

273 2673 511 2724 uinculis
559 2672 621 2725 P.
670 2674 885 2725 baculis
924 2672 1247 2739 (praestabat
1283 2674 1478 2742 uirgis)
1513 2677 1865 2727 Lac-lemannus
1910 2675 1998 2740 qui

274 2765 329 2809 et
354 2758 510 2808 dolat
535 2759 762 2823 scripsit.
836 2758 902 2809 15
940 2758 1190 2811 abstrato
1217 2760 1275 2810 G.
1348 2761 1628 2812 denubens
1655 2760 1994 2823 Cabeljauius.

277 2858 500 2908 corpore
540 2841 601 2893 P.
677 2842 741 2892 16
776 2849 936 2909 petus
974 2843 1034 2894 P.
1106 2845 1169 2894 17
1205 2845 1427 2911 ignotus
1464 2845 1525 2897 Ρ.
1597 2846 1811 2897 imitato
1848 2860 1990 2895 mur-

276 2942 425 2976 mure
462 2927 583 2977 libri
617 2931 828 2994 antiqui.
880 2933 1090 2979 mutato
1127 2947 1393 2983 mormure
1419 2929 1489 2982 D.
1567 2931 1629 2981 18
1662 2938 1750 2982 ast
1783 2928 1838 2981 D
1873 2931 1990 2983 Put.

278 3012 510 3062 condam
540 3014 936 3079 paraphrastes.
1011 3031 1135 3065 eras
1173 3014 1230 3066 C.

409 3099 497 3148 VI.
547 3100 645 3148 DE
672 3098 865 3154 RANA
890 3099 953 3148 A.
1032 3101 1055 3148 l
1085 3101 1322 3168 olimque
1347 3103 1479 3154 libri.
1531 3102 1806 3154 Neueletus
1829 3117 1992 3154 emen-

271 3185 430 3234 dauit.
502 3183 535 3232 2
572 3187 627 3232 et
661 3183 793 3235 lutis
829 3187 997 3237 codex
1025 3186 1320 3251 Cabev’auii.
