2502 3620
1024 150 1236 225 AviAm
1907 171 1987 234 69

1092 381 1174 444 V.

394 526 593 579 Asinus
634 525 855 579 inuento
899 523 1073 580 leonis
1116 525 1291 598 spolio
1325 544 1382 581 se
1413 528 1650 582 contexit
1681 537 1733 583 et
1767 529 1865 583 sub
1896 529 1994 584 hae

274 625 457 699 effigie
498 632 680 682 cetera
713 627 951 682 terrebat
990 627 1253 683 animalia.
1314 628 1481 696 Quem
1527 630 1764 685 rusticus
1807 647 1869 684 ex
1900 649 1993 686 au-

273 729 414 784 rium
445 726 810 802 magnitudine
833 729 1238 802 deprehendens
1267 732 1491 803 eiusque
1516 711 1725 804 tergum
1754 733 1989 806 superbo

272 830 552 886 denudans
582 830 780 886 amictu
812 832 914 885 ait:

272 950 559 1005 ‘Forsitan
591 951 811 1022 ignotos
844 951 1053 1005 imitato
1085 967 1360 1007 murmure
1391 951 1562 1014 fallis,

361 1060 415 1109 at
445 1052 602 1114 mihi,
635 1053 727 1126 qui
760 1051 1014 1114 condam,
1049 1069 1264 1126 semper
1294 1054 1494 1109 asellus
1526 1056 1676 1110 eris?

274 1155 448 1210 Metiri
483 1171 540 1209 se
572 1171 840 1227 quemque
870 1154 1023 1210 deeet
1052 1156 1400 1229 propriisque
1430 1157 1626 1212 iuuari'

360 1255 638 1317 laudibus,
671 1255 894 1312 alterius
925 1272 1026 1313 nee
1054 1257 1193 1312 bona
1224 1256 1370 1312 serre
1402 1257 1520 1314 sibi.

1080 1451 1197 1517 VI.

405 1598 548 1653 Rana
579 1597 850 1671 quondam
871 1605 1050 1653 cetera
1074 1596 1454 1671 alloquebatur
1478 1598 1724 1654 animalia
1739 1641 1751 1660 ‚
1784 1597 1995 1671 fingens

235 1704 240 1708 ’
276 1716 334 1755 se
367 1702 417 1755 in
450 1707 566 1755 arte
595 1697 887 1755 medicinae
917 1701 1161 1772 peritam.
1213 1699 1308 1754 Cui
1339 1699 1530 1772 uolpes
1561 1702 1662 1775 ait:
1697 1698 1992 1773 ‘quomodo

278 1801 492 1858 sanabis
524 1799 660 1858 alios
692 1819 828 1874 quae
861 1808 912 1856 te
944 1801 1115 1874 ipsam
1160 1800 1224 1856 ab
1269 1802 1530 1864 ieterieia,
1576 1819 1736 1875 quam
1768 1819 1994 1859 croceus

277 1905 332 1960 in
365 1914 417 1960 te
449 1902 604 1960 color
633 1902 879 1963 denotat,
916 1919 1105 1958 sanare
1135 1919 1243 1957 non
1276 1903 1506 1976 potes?’

276 2024 350 2079 Ne
383 2020 596 2079 sibimet
628 2024 913 2097 quisquam
942 2022 1008 2077 de
1039 2021 1201 2077 rebus
1231 2022 1463 2078 inaniter
1494 2022 1618 2077 ullis

363 2124 506 2199 quod
538 2123 726 2198 nequit
758 2125 1008 2198 inponat,
1041 2123 1226 2181 fabula
1256 2132 1442 2181 nostra
1474 2133 1673 2180 monet.

700 2213 728 2266 Ἰ

1053 2321 1207 2385 VII.

404 2467 530 2522 Cani
571 2481 799 2538 nequam
847 2473 900 2520 et
941 2464 1145 2538 absque
1186 2464 1387 2520 latratu
1430 2464 1693 2520 mordenti
1744 2465 1994 2521 dominus

280 2587 413 2625 suus
454 2567 632 2624 nolam
677 2567 957 2641 suspendit
1000 2567 1064 2623 ad
1107 2564 1334 2628 collum,
1378 2573 1440 2621 ut
1483 2583 1617 2622 sono
1651 2567 1995 2623 tintinnabuli

281 2677 764 2746 praemonerentur
795 2667 1015 2726 incauti.
1076 2668 1172 2724 Cui
1203 2668 1269 2723 de
1299 2667 1425 2725 nola
1455 2662 1601 2742 ipsa,
1649 2676 1898 2743 tanquam
1929 2670 1994 2725 de

283 2773 533 2847 precioso
566 2779 789 2834 ornatu,
822 2770 1156 2845 superbienti
1190 2771 1270 2827 sie
1299 2772 1373 2827 ait
1403 2771 1554 2827 canis
1584 2771 1795 2828 senior:

295 2894 429 2948 ‘non
460 2894 563 2949 hoe
592 2890 817 2947 uirtutis
848 2889 1013 2947 decus
1044 2890 1380 2947 ostendetur
1401 2889 1454 2944 in
1485 2907 1635 2952 aere,

366 2993 636 3068 nequitiae
667 3000 861 3049 testem
893 2993 986 3048 sed
1017 2991 1163 3065 geris
1193 2992 1318 3048 inde
1347 3010 1558 3049 sonum.

282 3114 390 3153 non
422 3095 581 3152 facile
611 3102 694 3151 est
723 3097 907 3169 prauis
940 3095 1176 3151 innatum
1208 3094 1507 3156 mentibus,
1540 3101 1602 3150 ut
1633 3110 1690 3150 se

369 3196 681 3253 muneribus
712 3197 901 3269 dignas
933 3197 1272 3272 supplicioue
1303 3196 1518 3254 sciant?
