2502 3620
520 136 597 197 16
1278 147 1493 189 AVIANI

523 304 755 377 ‘magna
791 299 1025 379 quidem
1059 300 1303 367 monuit,
1337 305 1533 358 tamen
1565 298 1711 365 haec
1734 317 1965 378 quoque
1987 300 2251 359 maxima

1120 394 1315 469 iussit,

600 521 748 582 quae
781 503 996 562 misero
1030 520 1265 581 semper
1295 502 1412 560 sint
1442 500 1705 561 facienda
1739 501 1922 584 mihi:

516 622 590 663 ne
623 603 792 664 facile
825 603 1064 664 alterius
1095 610 1329 682 repetas
1360 604 1682 668 consortia.
1718 603 1891 674 (lixit,

599 724 803 766 rursus
824 704 905 765 ‘ab
936 708 1142 765 insana
1174 725 1248 766 ne
1281 704 1717 785 capiare-fera?
2169 716 2245 763 24

1334 876 1428 948 X.

518 1027 727 1089 Caluus
759 1047 938 1107 eques
968 1028 1152 1108 kapiti
1183 1029 1387 1091 solitus
1418 1029 1669 1108 religare
1703 1028 1942 1109 capillos

597 1137 768 1209 atque
800 1128 941 1191 alias
972 1129 1129 1191 nudo
1159 1133 1382 1191 uertice
1415 1133 1573 1192 ferre
1604 1150 1829 1203 comam,

512 1234 583 1293 ad
617 1234 898 1314 Campum
930 1233 1129 1293 nitidis
1159 1235 1324 1293 uenit
1354 1241 1704 1312 conspectus
1735 1236 1795 1292 in
1828 1235 2007 1294 armis

597 1343 655 1396 et
684 1334 916 1395 facilem
948 1335 1132 1394 frenis
1162 1335 1402 1396 flectere
1435 1338 1628 1416 coepit
1659 1355 1889 1415 equom.
2198 1347 2236 1395 4

510 1437 683 1497 huius
715 1436 786 1496 ab
820 1437 1071 1498 aduorso
1103 1438 1330 1498 Boreae
1361 1439 1679 1516 spiramina
1709 1437 1963 1517 perflant

595 1537 907 1598 ridiculum
938 1539 1154 1619 populo
1187 1541 1589 1619 conspiciente
1619 1526 1829 1619 kaput:

511 1658 644 1700 nam
676 1660 813 1701 mox
844 1640 1068 1701 deiecto
1102 1643 1276 1701 nituit
1304 1642 1468 1702 frons
1500 1642 1654 1702 nuda
1685 1642 1914 1720 galero,

594 1742 848 1804 discolor
881 1744 1143 1824 adposita
1175 1763 1325 1824 quae
1357 1744 1467 1803 fuit
1497 1751 1629 1804 ante
1661 1762 1847 1805 coma.
2194 1751 2233 1800 8

508 1843 604 1904 ille
637 1864 841 1924 sagax,
876 1849 1051 1907 tantis
1081 1847 1237 1928 quod
1271 1849 1423 1907 risus
1454 1846 1691 1907 milibus
1723 1854 1903 1916 esset,

593 1947 816 2008 distulit
847 1948 1078 2010 admota
1112 1947 1428 2009 calliditate
1459 1951 1683 2018 iocum,

507 2049 672 2128 ‘quid
702 2052 943 2109 mirum’
976 2051 1243 2109 referens
1276 2052 1522 2130 ‘positos
1553 2052 1770 2129 fugisse
1804 2049 2072 2129 capiIIOS,

590 2170 764 2230 quem
795 2154 959 2231 prius
991 2170 1321 2231 aequaeuae
1355 2152 1668 2213 deseruere
1700 2171 1902 2213 comae
1918 2153 1963 2211 ἴθ’
2163 2159 2227 2209 1⁶2

639 2323 701 2372 21
751 2323 922 2372 multa
959 2320 1028 2372 D.
1103 2323 1337 2372 maxime
1376 2322 1425 2372 A
1460 2340 1492 2371 a
1526 2324 1747 2372 secunda
1790 2319 1934 2372 n'zamc
1981 2322 2039 2371 C.
2109 2339 2224 2373 ma-

504 2408 645 2457 xime
683 2409 887 2458 iussum
924 2408 1205 2457 Palatinus,
1278 2408 1361 2457 21.
1400 2408 1465 2456 22
1501 2408 1851 2458 Lat-lemannus
1895 2411 2036 2458 uncis
2070 2409 2226 2458 inelu-

502 2495 584 2541 sit.
656 2493 722 2543 22
761 2493 852 2557 qui
890 2492 950 2541 P.
1023 2493 1133 2542 sint
1153 2491 1214 2541 F.
1255 2498 1381 2542 sunt
1416 2493 1546 2542 libri.

636 2580 700 2627 X.
762 2578 862 2626 DE
891 2576 1130 2627 CALVO
1157 2578 1428 2639 EQVITE
1456 2577 1520 2627 A.
1569 2579 1668 2627 DE
1697 2577 1935 2627 CALVO
1964 2577 2021 2626 C.
2084 2576 2109 2626 1
2138 2593 2223 2627 re-

503 2661 710 2726 ligasse
736 2662 797 2712 P.
871 2661 902 2712 3
930 2667 1258 2729 conspectus
1283 2665 1439 2714 uenit
1464 2663 1527 2712 A.
1600 2664 1631 2712 4
1658 2662 1825 2713 facile
1854 2663 1916 2712 P.
1989 2678 2223 2728 aequum

504 2745 563 2798 P.
636 2747 667 2796 5
703 2748 846 2795 Huis
884 2746 943 2797 P.
1016 2749 1246 2798 aduorso
1288 2749 1629 2811 Cabezjauius.
1688 2753 1941 2814 prestant
1976 2747 2094 2797 libri
2127 2751 2225 2798 mei

502 2848 687 2883 omnes.
767 2832 798 2881 7
835 2831 1039 2881 dilecto
1077 2831 1136 2881 P.
1217 2831 1267 2881 9.
1319 2832 1383 2881 10
1421 2834 1813 2898 Canneyieterus
1856 2838 1968 2883 olim
2010 2835 2213 2897 spurios

500 2917 685 2976 habuit,
717 2925 901 2982 postea
938 2916 1010 2980 (in
1045 2916 1396 2968 Miscellaneis
1433 2920 1591 2969 Noue‘s
1629 2917 1759 2967 1734
1790 2933 1911 2981 pay.
1939 2916 2060 2980 303)
2092 2934 2215 2982 pro-

500 3002 654 3052 bauit.
724 3001 757 3051 9
793 3018 893 3052 sax
930 3002 989 3052 P.
1064 3001 1129 3052 10
1164 3003 1390 3068 dispulit
1426 3003 1487 3053 L.
1560 3010 1743 3053 amota
1780 3001 1837 3052 C.
1912 3001 1970 3051 11
2009 3005 2217 3067 positos

500 3088 748 3139 referens
785 3089 904 3138 libri
935 3092 1266 3139 recentiores,
1342 3089 1620 3154 appositos
1658 3089 1818 3138 Nicol.
1849 3089 2091 3138 Heinsius
2128 3087 2219 3151 (ad

492 3173 670 3225 ‘Ouidii
704 3175 923 3229 Heroid.
949 3172 998 3238 9,
1036 3170 1140 3236 60).
1218 3173 1279 3222 12
1316 3176 1458 3223 deest
1492 3175 1543 3222 in
1580 3171 1640 3221 P.

2359 328 2396 349 Ο*
