2502 3620
554 100 634 159 26
1307 112 1517 152 Avmm

554 267 784 344 ‘parce,
818 264 1053 342 precor'
1087 259 1330 339 subplex
1363 260 1621 320 lacrimis
1652 263 1728 320 ita
1761 261 1905 321 dixit
1934 262 2189 322 obortis:

640 369 801 425 ‘nam
832 371 1044 442 quanta
1079 382 1146 421 ex
1181 370 1385 422 nostro
1416 382 1666 441 corpore
1698 363 1850 423 dona
1883 365 2074 424 feres?

556 485 712 527 nunc
743 486 837 526 me
868 466 1089 526 saxosis
1119 466 1385 542 genetrix
1418 464 1668 525 secunda
1698 464 1806 525 sub
1838 468 2023 526 antris

638 567 787 627 fudit
817 575 875 626 et
901 569 962 626 in
993 568 1248 646 propriis
1279 565 1484 626 ludere
1512 568 1681 627 iussit
1710 569 1893 648 aquis,
2253 577 2296 626 8

555 670 692 731 tolle
724 672 928 740 minaS,
963 677 1352 747 tenerumque
1383 670 1498 729 tuis
1529 670 1654 727 sine
1687 687 1956 729 crescere
1990 673 2290 731 menseis:

640 772 785 832 haec
815 771 921 831 tibi
950 789 1044 831 me
1075 788 1310 830 rursum
1340 769 1528 832 litoris
1558 789 1661 830 ora
1693 770 1871 831 dabit.

554 883 867 956 protenus,
901 874 1155 932 inmensi
1186 872 1462 950 depastus
1493 871 1724 932 caerula
1757 875 1950 952 ponti,

642 977 918 1056 pinguior
949 975 1021 1035 ad
1053 974 1341 1035 calamum
1373 980 1580 1053 sponte
1612 983 1858 1035 recurro
1893 980 2133 1035 tuum!-
2221 985 2297 1034 12

556 1077 660 1139 Ille
694 1078 857 1138 nefas
889 1085 1123 1157 captum
1155 1078 1422 1136 referens
1454 1075 1763 1154 apsoluere
1793 1079 2047 1155 piscem,

641 1179 892 1239 difficilis
923 1181 1188 1258 queritur
1219 1177 1481 1238 cassibus
1512 1197 1639 1238 esse
1671 1180 1858 1239 uices:

559 1287 702 1341 ‘non
764 1283 1044 1341 miserum
1107 1285 1216 1341 est'
1277 1280 1481 1360 inquid
1541 1281 1935 1358 ‘praesentem
2009 1282 2301 1343 amittere

1158 1382 1469 1461 praedam,

642 1484 873 1545 stultius
904 1492 962 1544 et
992 1503 1224 1544 rursum
1259 1490 1392 1543 uota
1426 1483 1618 1543 sutura
1651 1486 1860 1563 sequi.’
1971 1489 1977 1495 ’
2223 1493 2301 1544 16

1312 1702 1522 1777 XXI.

557 1858 807 1920 Paruola
837 1856 1180 1937 progeniem
1216 1867 1408 1918 terrae
1441 1857 1824 1918 mandauerat
1854 1857 2001 1926 ales,

643 1980 757 2039 qua
787 1960 977 2019 stabat
1007 1960 1179 2019 uiridi
1211 1961 1465 2040 caespite
1497 1960 1645 2018 flaua
1677 1978 1860 2036 seges,

695 2232 728 2281 5
776 2231 1018 2282 lacrimis
1079 2231 1310 2296 supplex
1368 2232 1485 2281 libri
1541 2234 1870 2281 recentiores.
1969 2232 2173 2282 abortis
2215 2236 2300 2286 A.

558 2316 593 2368 6
626 2316 828 2366 damna
865 2315 985 2379 (non
1021 2316 1275 2381 dampna,
1315 2324 1366 2365 uc
1400 2315 1583 2378 solent)
1620 2317 1750 2376 libri.
1786 2318 2130 2367 Lachmamms
2163 2333 2303 2367 cor-

560 2405 714 2452 rexit.
791 2401 937 2451 feras
962 2401 1021 2453 P.
1096 2402 1125 2450 7
1164 2402 1403 2465 genitrix
1428 2401 1491 2450 A.
1574 2401 1870 2452 foetida··P.
1939 2401 1973 2451 9
2010 2407 2301 2455 tenerum—

1635 2478 1660 2504 U

561 2524 693 2586 quet
729 2522 814 2569 ius
851 2519 911 2569 P.
992 2535 1209 2571 menses
1246 2519 1311 2571 P.
1397 2520 1458 2569 10
1493 2521 1566 2569 mi
1603 2536 1808 2570 rursum
1847 2521 1906 2571 P.
1980 2520 2173 2570 litoras
2214 2524 2301 2575 Α.

508 2589 514 2594 ’
564 2605 858 2671 quadrabis
895 2603 955 2653 P.
1029 2605 1185 2657 dabit
1221 2605 1267 2654 C
1300 2607 1340 2670 (i
1376 2610 1426 2655 in
1463 2589 1692 2671 ras-urci).
1769 2605 1847 2655 11.
1882 2607 1940 2655 12
1982 2605 2023 2655 L
2058 2610 2300 2662 seclusit.

566 2690 626 2739 1⁶2
661 2695 829 2755 ponto
858 2688 916 2740 P.
995 2689 1054 2739 13
1088 2692 1245 2740 uerba
1272 2697 1492 2756 captum
1621 2707 1774 2758 usque
1812 2693 1883 2741 ad
1905 2693 2158 2742 miserum
2196 2702 2304 2745 est

562 2776 883 2824 Lac-lemanno
919 2776 1085 2838 spurii
1119 2778 1216 2824 uisi
1247 2783 1379 2825 stent.
1455 2776 1727 2827 referrens
1765 2776 1827 2827 P.
1905 2776 2189 2841 apsoluere
2236 2798 2295 2831 u.

561 2877 605 2909 c.
636 2859 932 2922 Cabeljauii.
999 2858 1060 2908 14
1097 2859 1342 2911 difficilis
1370 2860 1428 2910 P.
1515 2864 1764 2913 cassibus
1790 2862 1851 2912 F.
1892 2863 2111 2912 casibus
2147 2863 2298 2915 libri.

567 2944 627 2995 15
662 2961 770 3006 non
808 2943 1065 2994 misertim
1100 2943 1161 2993 F.
1234 2962 1359 2995 nam
1396 2947 1651 2996 miserum
1686 2948 1822 2998 libri.
1900 2946 1961 2997 16
1997 2941 2195 3012 rursfis'
2221 2949 2296 3002 P.

694 3030 834 3079 XXI.
907 3029 1005 3078 DE
1054 3027 1275 3079 ALITE
1323 3030 1417 3079 ET
1462 3030 1825 3081 MESSIONE
1864 3030 1927 3081 A.
2016 3032 2113 3079 DE
2163 3030 2299 3081 LV-

603 3113 805 3165 CINIA
831 3112 887 3163 C.
966 3113 991 3162 l
1031 3118 1115 3163 ter
1140 3129 1198 3163 se
1224 3113 1285 3162 Ρ.
1357 3115 1718 3165 mundauerat
1745 3116 1799 3166 C.
1872 3117 1902 3162 2
1942 3116 2032 3179 qui
2059 3115 2116 3163 P.
2181 3115 2293 3166 fla-
