2502 3620
968 132 1248 175 FABVLAE
1881 121 1961 182 25

236 284 550 362 indignum
580 282 848 343 referens
879 285 1106 343 cunctis
1137 289 1437 343 certamen
1467 282 1648 354 obiri,

328 404 473 465 quos
504 387 731 445 meritis
763 384 955 445 nullus
986 385 1353 445 consociaret
1382 385 1597 444 honos:
1930 396 1962 443 4

237 490 402 547 ‘nam
437 488 582 548 mihi
614 487 929 547 deductum
960 504 1209 564 surgens
1240 488 1301 545 in
1334 485 1532 546 nubila
1563 505 1777 567 corpus

325 590 564 649 uerticis
597 596 824 648 erectas
856 587 1006 649 tollit
1034 590 1096 648 in
1129 595 1286 648 astra
1320 608 1545 659 comam,

236 689 536 771 puppibus
569 698 626 749 et
655 690 868 770 patulis
899 690 1088 750 media
1123 709 1257 750 cum
1290 689 1429 750 sede
1459 689 1749 760 locamur,

326 795 385 852 in
417 812 511 853 me
542 810 856 871 suspensos
888 792 1137 871 explicat
1167 809 1309 851 aura
1339 793 1529 851 sinus:
1930 800 1963 849 8

238 902 332 955 ast
364 894 467 954 tibi
499 894 822 953 deformem
857 890 1012 973 'cpiod
1045 893 1186 953 dant
1215 895 1444 974 spineta
1474 895 1751 973 figuram,

329 996 670 1075 despectum
703 998 901 1056 cuncti
931 998 1293 1075 praeteriere
1325 997 1485 1056 uiri.’

237 1097 340 1159 ille
370 1099 579 1158 refert:
616 1102 800 1158 ‘nunc
832 1098 981 1159 laeta
1012 1098 1246 1177 quidem
1280 1097 1436 1157 bona
1467 1096 1590 1157 sola
1621 1097 1823 1158 fateris

329 1206 387 1259 et
417 1200 631 1259 frueris
662 1201 879 1260 nostris
909 1201 1224 1277 imperiosa
1256 1198 1451 1260 malis:
1899 1207 1961 1258 12

239 1301 345 1362 sed
379 1320 508 1361 cum
541 1301 748 1380 pulcra
778 1303 975 1361 minax
1007 1301 1269 1361 succidet
1298 1300 1564 1361 membra
1595 1304 1889 1381 sequuriS,
1921 1335 1927 1340 ·

328 1421 501 1482 quam
530 1402 715 1462 uelles
745 1405 941 1481 spinas
976 1412 1113 1463 tunc
1145 1402 1417 1463 habuisse
1448 1404 1662 1463 meas?

1008 1589 1179 1664 XX.

239 1744 506 1805 Piscator
538 1741 743 1803 solitus
771 1743 1053 1823 praedam
1087 1744 1451 1824 suspendere
1483 1750 1641 1803 saeta

328 1847 522 1924 exigui
550 1847 728 1925 piscis
760 1845 874 1905 uile
906 1846 1176 1906 trahebat
1206 1865 1371 1905 onus,

242 1949 348 2010 sed
380 1955 688 2027 postquam
721 1965 963 2026 superas
995 1954 1226 2030 captum
1260 1947 1535 2027 perduxit
1565 1948 1638 2007 ad
1669 1966 1840 2008 auras

328 2059 502 2131 atque
534 2050 705 2111 auido
737 2050 912 2109 fixum
946 2049 1157 2110 uolnus
1190 2048 1261 2109 ab
1294 2067 1396 2109 ore
1432 2049 1587 2119 tulit,
1933 2057 1967 2106 4

240 2289 360 2324 mas
416 2271 478 2322 P.
583 2273 614 2321 2
654 2286 773 2321 cum
812 2275 1060 2320 sererent
1097 2271 1425 2333 Cabeljauius
1460 2268 1597 2333 (uide
1642 2270 1702 2331 4,
1740 2268 1816 2336 2).
1887 2269 1967 2318 iu-

242 2359 327 2408 ria
363 2357 423 2408 P.
530 2356 580 2407 3.
618 2357 649 2405 4
686 2356 1038 2406 Lachmannus
1078 2357 1298 2406 seclusit.
1425 2353 1457 2404 3
1493 2355 1636 2404 obiri
1671 2354 1732 2405 F.
1771 2355 1965 2405 haberi

242 2441 358 2495 ΛΡ.
392 2441 600 2491 habere
638 2439 695 2490 C.
836 2439 868 2487 4
907 2440 1045 2504 quod
1081 2441 1212 2490 libri.
1285 2443 1603 2489 consotaret
1627 2439 1687 2489 P.
1794 2439 1963 2490 honor

244 2525 355 2576 AC.
423 2524 457 2576 9
495 2529 582 2575 ast
605 2525 671 2574 A.
700 2540 732 2574 a
757 2524 816 2574 P.
847 2528 906 2574 at
931 2524 988 2575 C.
1073 2525 1354 2574 deformen
1378 2524 1443 2574 A.
1470 2529 1525 2574 te
1553 2524 1847 2575 deformem
1875 2526 1966 2575 cui

238 2612 633 2678 paraphrasteS.
684 2610 814 2660 dent
839 2609 895 2659 C.
957 2610 1016 2659 10
1042 2610 1350 2674 dispectum
1376 2608 1437 2658 P.
1503 2609 1560 2657 11
1587 2610 1683 2660 ille
1713 2614 1797 2661 est
1820 2626 1966 2660 nunc

243 2696 362 2746 letu
386 2695 481 2765 P..
519 2696 687 2745 fateri
723 2695 819 2745 sed
845 2694 909 2746 P.
1022 2696 1080 2745 12
1119 2696 1319 2745 nostris
1357 2695 1554 2746 frueris
1592 2695 1726 2745 libri.
1765 2695 1964 2745 frueris

244 2781 445 2831 nostris
472 2780 536 2830 L.
655 2779 716 2830 13
752 2780 944 2845 pulcra
970 2779 1014 2829 G
1049 2788 1099 2830 et
1129 2781 1523 2844 paraphrastes.
1630 2779 1867 2829 succidit
1902 2778 1965 2828 P.

778 2859 799 2886 C

246 2900 501 2951 succidat
536 2900 593 2951 C.
700 2899 946 2964 sequuris
984 2897 1040 2947 C.
1126 2897 1186 2947 l4
1223 2897 1387 2949 uellis
1425 2898 1484 2950 P.

380 2987 494 3035 XX.
565 2985 664 3034 DE
700 2981 1104 3034 PISCATORE
1142 2983 1238 3032 ET
1275 2983 1482 3034 PISCE
1521 2983 1585 3033 A.
1671 2983 1696 3032 l
1735 2997 1966 3047 suspen-

244 3078 362 3120 tare
403 3069 462 3120 P.
501 3068 837 3134 deprendere
873 3070 1043 3118 codex
1082 3069 1347 3118 Cortianus
1383 3069 1418 3118 I
1452 3083 1594 3134 quem
1639 3073 1839 3118 secutus
1884 3072 1962 3115 est

249 3157 321 3206 H.
365 3155 776 3219 Canneqieterus.
857 3152 888 3202 3
926 3153 995 3203 ad
1033 3168 1228 3204 aureas
1267 3153 1327 3203 P.
1408 3152 1441 3200 4
1488 3153 1627 3202 audo
1663 3152 1725 3202 P.

348 3254 545 3290 AvrAM
582 3253 852 3290 rusum-2.
1617 3242 1654 3303 2
