2502 3620
1326 78 1332 103 ὁ

944 148 953 151 ’
1030 150 1253 192 AVIANI
1669 146 1674 150 ’
1914 136 1992 198 83

832 420 836 427 ,
885 348 1162 414 xxxx
1209 351 1371 434 (41).

402 510 524 567 Vasi
566 509 713 566 luteo
758 510 861 566 soli
902 511 968 567 ad
1010 510 1382 567 desiccandam
1437 512 1682 584 exposito
1738 528 1997 586 superue-

276 615 430 669 niens
460 612 631 668 imber
661 615 762 669 ait:
819 610 838 639 ‘
857 613 1002 687 quod
1032 613 1128 669 tibi
1161 622 1243 669 est
1274 614 1505 670 nomen?
1524 614 1544 642 ’
1579 614 1994 687 responditque:

277 717 570 790 ‘amphora
628 713 840 771 uocor.'
901 715 994 771 Cui
1053 716 1255 772 imber:
1318 714 1385 772 ‘o
1431 715 1739 788 amphora‚’
1801 718 1994 789 inquit,

277 814 632 890 ‘cognomine
674 817 992 891 superbiens
1036 826 1089 873 et
1131 818 1337 891 figura,
1381 834 1517 891 quae
1559 826 1804 873 naturam
1849 825 1994 874 tuam

277 924 670 993 recognoscere
711 918 1047 991 dedignaris,
1091 921 1380 993 experieris
1423 921 1671 993 protinus
1713 921 1859 975 uires
1901 937 1998 976 no-

279 1022 463 1078 stras?
534 1021 598 1077 Et
641 1023 820 1077 statim
864 1037 982 1076 eam
1027 1039 1289 1094 aquarum
1341 1021 1669 1078 abundancia
1700 1022 1912 1096 redegit
1941 1025 1995 1078 in

275 1119 469 1180 lutum.

361 1243 501 1299 Haec
529 1250 787 1317 poterunt
816 1245 1047 1298 miseros
1079 1244 1323 1298 homines
1356 1242 1595 1315 exempla
1627 1260 1872 1306 monere,

449 1344 662 1401 subdita
689 1344 962 1401 nobiiibus
993 1351 1054 1399 ut
1086 1361 1183 1400 sua
1215 1345 1322 1401 fata
1355 1352 1589 1418 gemant.

870 1575 1184 1640 XXXXI
1232 1575 1393 1660 (40).

404 1737 608 1793 Pardus
653 1737 842 1810 pulcra
885 1735 1125 1793 colorum
1170 1739 1437 1793 uarietate
1469 1736 1787 1810 superbiens
1819 1745 1996 1794 cetera

279 1841 529 1897 animalia
562 1848 812 1914 tanquam
845 1839 1106 1896 deformia
1136 1839 1583 1913 contempnebat.
1646 1839 1741 1895 Cui
1771 1840 1994 1914 uolpes:

363 1960 542 2016 ‘uade'
575 1963 647 2016 ait
680 1960 759 2014 ‘et
790 1961 966 2033 pictae
997 1958 1460 2015 nimiumconfide
1492 1961 1768 2021 iuuentae,

447 2063 571 2118 dum
603 2063 731 2117 mihi
763 2061 1048 2117 consilium
1078 2061 1473 2135 pulcriusesse
1503 2069 1689 2135 queat,

364 2166 727 2238 miremurque
755 2165 926 2236 magis
958 2182 1096 2237 quos
1126 2180 1347 2220 munera
1378 2165 1575 2218 mentis
1606 2164 1898 2225 adornant,

448 2268 729 2340 quamqui
760 2268 1039 2340 corporeis
1072 2266 1312 2320 enituere
1343 2264 1543 2321 bonis.'

613 2399 626 2423 Ι

949 2478 1318 2544 ΧΧΧΧΙΙ.

407 2641 584 2697 Acdus
629 2641 965 2713 insequentis
1007 2638 1122 2713 lupi
1176 2642 1369 2695 timore
1419 2640 1745 2713 perterritus
1800 2658 1994 2696 cursus

284 2743 569 2801 uelocitate
601 2759 659 2799 se
689 2745 891 2816 recepit
923 2745 973 2798 in
1005 2743 1210 2799 urbem.
1273 2742 1367 2797 Cui
1398 2742 1560 2815 lupus
1591 2741 1922 2798 exclamans:

367 2861 385 2889 ‘
404 2880 583 2918 nonne
613 2862 797 2919 uidcs'
829 2864 1003 2936 inquit
1032 2862 1266 2920 ‘cunctis
1297 2869 1358 2917 ut
1388 2862 1605 2917 uictima
1637 2861 1852 2935 templis

452 2967 749 3022 inmeritam
781 2965 1043 3039 pecudum
1076 2972 1250 3019 morte
1280 2971 1528 3019 cruentat
1558 2965 1811 3018 humum?

367 3067 510 3141 quod
540 3067 641 3123 nisi
675 3083 864 3125 securo
898 3068 1076 3124 ualcas
1111 3075 1161 3122 te
1193 3066 1414 3121 reddere
1444 3082 1660 3138 campo,

451 3169 552 3223 heu
586 3170 743 3233 mihi,
776 3173 966 3227 uittata
1000 3178 1057 3227 tu
1088 3185 1307 3247 quoque
1338 3168 1517 3224 fronte
1540 3163 1739 3224 cades?
1809 3181 1810 3192 ¹
