2502 3620
1026 165 1243 205 AviAm
1956 151 2034 209 75

403 320 550 374 Tunc
581 319 795 392 quidam
827 335 890 373 ex
921 318 1028 374 illis
1059 321 1158 374 ait:
1193 319 1392 374 ‘uitam
1425 334 1643 374 seruare
1673 321 1908 392 quietam

486 422 578 493 qui
608 422 785 493 cupit,
820 436 881 474 ex
913 428 1100 476 nostra
1130 420 1339 476 discere
1370 428 1543 477 morte
1573 428 1784 494 potest,

403 538 539 577 neue
569 523 677 577 cito
710 522 953 578 admotas
983 522 1165 578 uerbis
1196 522 1477 579 fallacibus
1508 540 1665 578 aures

484 623 702 697 impleat
721 606 859 686 ‚eut
890 606 1128 680 ueterem
1161 624 1374 681 deserat
1407 627 1522 699 ipse
1553 622 1752 680 fidem.'

1020 855 1316 920 XVIIII.

313 989 726 1057 [Paraplzrastes
749 993 943 1042 Auiani
973 1009 1152 1045 uersus
1176 996 1472 1059 descripsit,
1510 996 1562 1042 in
1589 997 1693 1058 fine
1729 995 1854 1043 duos
1888 993 2038 1047 hosce

1054 1080 1249 1128 addens
1261 1076 1310 1143 :]

398 1201 526 1256 Cum
560 1201 748 1275 pulcer
779 1201 978 1263 fueris,
1010 1201 1305 1257 deformem
1338 1218 1595 1275 spernere
1625 1185 1770 1258 noli:

487 1306 664 1376 turpia
698 1320 857 1377 saepe
888 1305 1107 1377 uigent,
1140 1304 1354 1377 quando
1385 1304 1579 1359 decora
1612 1304 1826 1360 cadunt.

1091 1517 1249 1582 XX.

436 1659 644 1716 Paruus
688 1660 971 1716 admodum
1015 1659 1311 1734 pisciculus
1343 1662 1497 1717 hamo
1528 1669 1721 1734 eaptus
1762 1662 1836 1716 ait
1867 1662 2038 1733 pisea-

313 1764 450 1817 tori:
497 1761 647 1818 ‘sine
678 1779 762 1818 me
793 1764 846 1818 in
877 1764 1032 1837 aquis
1064 1778 1341 1825 crescere,
1373 1770 1434 1818 ut
1465 1765 1664 1837 piscem
1698 1765 1952 1837 pinguem
1982 1769 2036 1818 et

314 1865 408 1920 tibi
440 1865 733 1938 perutilem
766 1882 850 1921 me
882 1866 983 1923 alia
1013 1868 1131 1921 uice
1163 1866 1435 1939 recipias?
1485 1855 1489 1859 Δ

310 1983 403 2039 Ille
433 1986 584 2042 nefas
614 1993 835 2061 captum
868 1986 1110 2041 reserens
1142 1984 1429 2041 absoluere
1460 1987 1660 2058 piscem

394 2086 640 2143 difficiles
671 2090 922 2161 queritur
952 2088 1167 2144 casibus
1198 2104 1319 2143 esse
1349 2089 1526 2143 uices:

250 2203 254 2207 ·
310 2173 456 2245 ‘uam
486 2191 741 2245 miserum
763 2188 872 2245 est'
904 2192 1081 2264 inquit
1109 2189 1475 2264 ‘praesentem
1499 2191 1746 2248 amittere
1770 2188 2035 2262 praedam,

397 2290 619 2347 stultius
650 2301 704 2347 et
737 2310 954 2348 rursum
986 2299 1117 2348 uota
1148 2292 1331 2348 futura
1364 2292 1560 2365 sequi?

311 2391 512 2449 Iudicio
545 2394 721 2467 plebis
752 2412 861 2451 non
895 2395 1036 2451 fallit
1066 2392 1282 2450 ‘habes'
1318 2394 1412 2450 sed
1446 2392 1718 2450 ‘habebis’
1738 2412 1750 2461 ς

392 2494 516 2568 plus
548 2494 742 2552 ‘unum
776 2498 881 2553 hoc
913 2496 1137 2558 tribuo'‚
1170 2513 1332 2570 quam
1365 2494 1674 2552 ‘tribuenda
1703 2492 1855 2552 duo'.

1063 2727 1260 2792 XXI.

435 2870 490 2925 ln
536 2869 816 2944 segetibus
847 2870 1123 2927 cuiusdam
1170 2872 1364 2927 rustici
1395 2869 1581 2927 alauda
1612 2867 2040 2942 nidificanspul-

308 2971 393 3026 los
444 2972 589 3029 fecit.
650 2973 783 3029 Cum
843 2987 975 3027 uero
1022 2974 1263 3028 rusticus
1316 2989 1414 3045 pro
1459 2971 1722 3027 metendis
1766 2969 2039 3043 segetibus

308 3091 464 3148 opem
512 3082 722 3148 peteret
764 3093 796 3131 a
850 3075 1076 3136 uicinis,
1131 3074 1426 3130 uoluerunt
1477 3074 1611 3147 pulli
1651 3073 1834 3128 nidum
1879 3071 2040 3126 relin-

284 3192 476 3251 Jquere
519 3185 573 3232 et
614 3177 795 3249 fugam
839 3179 1005 3241 inire;
1052 3175 1199 3250 quod
1245 3184 1419 3231 mater
1461 3175 1741 3249 prohibuit
1789 3189 2038 3231 asserens

1652 3275 1736 3339 4*
