2502 3620
1015 147 1296 189 FABVLAE
1929 138 1951 194 l
1968 136 2004 194 5

291 314 561 365 securuS,
593 295 746 376 quod
780 298 1030 375 quoique
1061 295 1280 356 malum
1311 297 1544 357 fortuna
1575 296 1826 369 tulisset,

375 397 591 458 robore
622 398 853 458 conlato
883 405 1080 477 posset
1109 405 1356 479 uterque
1387 401 1524 479 pati.
1975 410 2004 457 4

290 498 546 578 dumque
577 518 684 579 per
713 502 1005 560 incertum
1034 502 1200 560 uario
1231 519 1504 561 sermone
1535 502 1835 572 feruntur,

373 603 431 659 in
464 601 654 661 media
685 620 967 682 praeceps
998 605 1277 672 conuenit
1303 621 1436 663 ursa
1469 605 1581 663 uia.

286 703 498 769 horum
531 703 704 774 alter,
738 702 894 762 facili
924 704 1337 784 conprendens
1367 703 1583 764 robora
1614 724 1818 776 eursu,

370 807 431 864 in
462 804 638 864 uiridi
667 805 960 884 trepidum
991 806 1202 866 fronde
1231 807 1512 887 pependit
1541 825 1717 867 onus:
1971 813 2004 863 8

283 905 382 965 ille
413 907 652 967 trahens
683 906 841 967 nullo
873 909 1049 968 iacuit
1078 909 1323 986 uestigia
1354 927 1588 987 greSSU,

371 1011 695 1070 exanimem
728 1010 983 1087 fingenS,
1017 1018 1225 1089 sponte
1256 1010 1465 1071 relisus
1495 1012 1675 1071 humi.

285 1112 563 1172 continuo
594 1111 874 1193 praedam
908 1114 1151 1190 cupiens
1181 1114 1306 1172 fera
1337 1131 1511 1173 saeua
1544 1115 1830 1183 cucurrit,

370 1220 427 1272 et
456 1196 736 1273 miserum
769 1216 967 1274 curuis
995 1185 1290 1292 unguibus
1321 1222 1456 1275 ante
1486 1214 1661 1274 leuat.
1915 1223 2000 1271 ⁷12

281 1333 490 1375 uerum
521 1314 622 1375 ubi
653 1324 928 1376 concreto
959 1317 1271 1394 riguerunt
1298 1315 1563 1376 membra
1594 1318 1803 1376 timore

371 1416 525 1495 (nam
555 1417 759 1478 solitus
789 1420 1002 1478 mentis
1034 1416 1330 1497 linquerat
1360 1436 1490 1478 ossa
1522 1417 1733 1499 calor),

281 1528 420 1578 tune
450 1518 668 1579 olidum
702 1520 977 1590 (wedene,
1011 1521 1279 1600 quamuis
1308 1521 1533 1591 ieiuna,
1568 1520 1820 1580 cadauer

366 1620 583 1680 (leserit
614 1629 672 1680 et
699 1620 899 1682 lustris
932 1622 1204 1683 conditui·
1234 1640 1372 1682 ursa
1402 1624 1540 1682 suis.
1935 1630 1997 1681 16

278 1722 383 1781 sed
413 1741 545 1782 cum
576 1725 769 1783 securi
798 1723 1078 1803 paulatim
1106 1726 1167 1784 in
1197 1723 1381 1784 uerba
1411 1724 1728 1794 redissent,

361 1824 604 1886 liberior
633 1828 812 1897 iusto,
845 1829 946 1907 qui
976 1828 1085 1887 fuit
1111 1834 1249 1887 ante
1281 1828 1482 1905 fugax:

277 1927 421 1996 ‘die‚
456 1928 655 1999 sodeS,
691 1929 966 2008 quidnam
1003 1929 1231 2009 trepido
1264 1928 1370 1989 tibi
1400 1928 1625 1989 rettulit
1654 1932 1825 1989 ursa?

360 2049 495 2091 nam
528 2038 752 2091 secreta
785 2031 884 2091 diu
914 2017 1211 2111 multaque
1242 2030 1424 2091 uerba
1457 2030 1659 2091 dedit?
1893 2059 1900 2064 ·
1928 2039 1996 2090 20

274 2303 306 2354 3
330 2307 538 2355 securis
555 2304 896 2366 Cabeljauius.
961 2304 1192 2369 quoique
1207 2302 1269 2352 F.
1312 2301 1452 2368 quod
1480 2318 1601 2353 eum
1629 2319 1735 2369 qua
1749 2302 1812 2353 L.
1852 2305 1992 2369 quod

277 2390 526 2455 quodque
551 2393 634 2439 uel
657 2388 851 2454 cuique
883 2389 1292 2453 Canneyieterus.
1343 2387 1585 2437 tullisset
1610 2388 1671 2438 P.
1731 2390 1764 2438 4
1789 2390 1991 2439 collato

275 2473 380 2524 Ac,
451 2474 626 2540 possit
652 2473 712 2523 P.
786 2478 946 2538 pater
965 2472 1009 2522 C
1025 2491 1057 2523 α
1077 2476 1244 2539 prima
1267 2490 1427 2523 manu.
1498 2473 1531 2523 5
1556 2474 1833 2540 inceptum
1858 2475 1988 2527 libri.

276 2559 667 2625 Canneyieterus
684 2563 934 2609 correxit.
973 2559 1153 2609 medio
1174 2574 1420 2609 sermone
1437 2558 1775 2621 CabeljauiuS.
1822 2557 1855 2608 6
1879 2576 1988 2610 me-

273 2644 365 2693 dia
392 2681 404 2693 .
423 2681 434 2693 .
461 2645 556 2693 uia
583 2643 628 2693 L
654 2644 795 2709 (uide
824 2644 903 2702 17,
931 2643 1034 2708 15).
1083 2644 1320 2694 mediam
1347 2680 1389 2694 ..
1416 2645 1563 2693 uiam
1587 2644 1723 2694 libri.
1807 2661 1874 2694 en
1891 2661 1990 2695 ue—

273 2729 354 2778 nit
391 2730 785 2793 Canneyieterus
822 2728 958 2792 (uide
989 2746 1045 2793 p.
1083 2727 1223 2791 300).
1296 2729 1325 2777 7
1364 2729 1754 2794 comprendens
1779 2729 1843 2779 A.
1905 2747 1989 2780 ro-

271 2814 408 2863 bura
443 2814 504 2863 P.
575 2815 701 2864 nisu
737 2813 800 2863 L.
872 2813 905 2863 9
941 2829 1103 2879 gresu
1141 2813 1201 2864 P.
1278 2812 1342 2863 10
1378 2815 1667 2865 exanimen
1692 2815 1758 2864 A.
1831 2815 1987 2865 infin-

274 2914 408 2963 gens
434 2898 495 2947 P.
565 2899 744 2949 relisit
779 2898 998 2947 humum
1027 2899 1363 2962 Gabeljauius.
1436 2903 1631 2966 sponte
1668 2900 1885 2949 refusus
1910 2904 1992 2950 uel

274 2999 497 3047 corpore
525 2984 676 3033 susus
691 2985 1100 3049 Canneyieterus.
1142 2983 1200 3033 11
1226 2985 1494 3034 cucurrist
1507 2983 1568 3034 P.
1610 2982 1672 3034 13
1692 2986 1917 3035 menbra
1929 2984 1985 3036 C.

272 3068 514 3118 membra
538 3069 680 3132 rigui
695 3069 758 3121 P.
823 3052 883 3122 14
909 3069 1187 3133 linquerat
1205 3087 1256 3118 u.
1276 3086 1320 3118 c.
1338 3069 1637 3130 Cabeljauz'i.
1673 3091 1678 3096 ·
1702 3066 1763 3116 17
1790 3084 1986 3118 secura

272 3153 333 3202 P.
374 3138 751 3205 18—21'57'2‘23352
769 3154 881 3204 Pin
902 3156 1041 3205 aliud
1053 3154 1227 3217 folium
1245 3156 1516 3204 transiens.
1582 3151 1644 3202 19
1669 3153 1857 3202 retulit
1875 3153 1984 3206 AC.
