2502 3620
964 210 967 211 ⁷
1008 150 1290 191 FABVLAE
1940 132 2025 193 29

1024 346 1297 422 XXIII
1304 354 1336 421 .‘

303 519 584 579 Venditor
613 504 902 598 insignem
934 508 1057 581 arte
1087 522 1287 581 ferens
1311 519 1382 580 de
1412 537 1706 580 marmore
1729 519 2026 580 Bacchum

390 624 716 702 expositum
744 624 946 704 precio
977 623 1198 683 fecerat
1228 641 1355 684 esse
1386 623 1580 682 deum.

306 722 519 784 nobilis
550 724 707 784 hunc
739 726 976 804 quidam
1009 726 1238 786 funesta
1268 727 1331 785 in
1362 725 1500 785 sede
1532 723 1787 803 sepulcri

388 829 642 887 mercari
672 830 914 906 cupiens
945 830 1357 906 conpositurus
1388 836 1543 896 erat;
1992 835 2026 882 4

305 927 454 989 alter
486 928 741 989 adoratis
771 937 837 989 ut
864 931 1049 990 ferret
1079 948 1326 990 munera
1357 928 1622 1008 templiS‚

390 1031 667 1091 redderet
698 1039 755 1091 et
785 1050 952 1093 sacro
986 1032 1182 1092 debita
1212 1039 1349 1091 uota
1378 1031 1527 1091 loco.

306 1125 510 1193 ‘nunc’
543 1136 622 1193 ait
651 1133 1009 1212 ‘ambiguom
1041 1135 1218 1194 facies
1249 1134 1322 1193 de
1353 1133 1652 1194 mercibus
1682 1152 1856 1194 omen

393 1234 545 1315 (cum
576 1255 710 1316 spes
739 1239 802 1295 in
832 1238 1097 1316 precium
1130 1254 1378 1297 munera
1410 1236 1607 1315 dispar
1638 1236 1803 1315 agit),
1991 1240 2025 1291 8

306 1339 390 1397 sei
420 1357 515 1423 me
548 1338 864 1409 defunctiS,
899 1358 1004 1399 seu
1032 1337 1201 1398 malis
1234 1338 1466 1399 tradere
1500 1339 1679 1408 diuis,

389 1442 514 1501 siue
547 1441 726 1502 decus
755 1440 938 1512 busti,
973 1443 1097 1501 siue
1128 1440 1351 1501 locasse
1384 1440 1577 1519 deum.

305 1542 536 1603 subdita
567 1562 780 1623 nempe
814 1542 973 1604 tibist
1002 1545 1200 1621 magni
1231 1544 1565 1603 reuerentia
1596 1541 1840 1610 Bacchi,

390 1653 562 1725 atque
597 1645 799 1706 eadem
831 1648 1050 1706 retines
1081 1645 1289 1705 funera
1320 1653 1519 1706 nostra
1551 1647 1772 1704 manu.'
1962 1650 2025 1700 12

309 1745 615 1828 [conuenit
644 1748 757 1807 hoc
787 1747 929 1819 illis,
962 1747 1175 1828 quibus
1206 1754 1294 1807 est
1322 1749 1610 1826 permissa
1640 1753 1915 1827 potestaS‚

391 1869 464 1910 an
494 1858 798 1930 praestare
828 1852 1044 1929 magis,
1077 1869 1182 1910 seu
1212 1852 1482 1911 nocuisse
1514 1841 1753 1930 uelint.]'

438 2124 634 2174 xxm.
704 2125 804 2174 DE
850 2122 1274 2174 VENDITORE
1322 2123 1418 2172 ET
1463 2122 1909 2173 MERCATORE
1956 2122 2022 2176 A.

304 2209 403 2258 DE
441 2208 686 2258 BACHO
727 2208 785 2258 C.
870 2207 895 2256 l
935 2208 1183 2258 reserens
1229 2209 1363 2258 libri.
1412 2213 1530 2257 arte
1568 2209 1752 2258 ferens
1792 2207 1854 2257 1..
1924 2207 2023 2257 ba-

305 2294 487 2343 chumi
515 2293 574 2342 Ρ.
647 2293 679 2342 2
715 2295 960 2358 precium
986 2292 1048 2342 P.
1119 2292 1151 2343 3
1176 2292 1455 2358 sepulchri
1479 2291 1591 2341 ΑΡ.
1661 2292 1694 2340 5
1721 2296 1779 2341 at
1816 2293 2023 2341 ornatis

230 2413 238 2421 -
309 2378 369 2428 1..
444 2380 668 2428 numina
692 2378 812 2428 libri
831 2382 940 2428 mei.
970 2394 1197 2427 munera
1232 2381 1560 2428 recentiores,
1644 2376 1674 2425 7
1710 2376 2023 2441 ambiguum

307 2464 437 2513 libri.
479 2464 736 2529 ambiguo
754 2463 799 2513 1.
823 2465 909 2530 qui
929 2480 1108 2513 uersus
1132 2462 1180 2515 8.
1205 2462 1238 2512 9
1266 2461 1341 2526 (et
1365 2464 1456 2512 bos
1480 2463 1675 2527 quidem
1699 2478 1804 2511 cum
1820 2459 2021 2522 Guieto)
2052 2523 2058 2530 .

302 2551 525 2598 seclusit.
599 2564 757 2598 omen
793 2552 955 2599 omisit
991 2548 1051 2598 P.
1136 2547 1168 2596 8
1205 2546 1389 2612 dispa‘ir
1424 2548 1554 2605 libri,
1590 2554 1643 2597 ut
1673 2545 1750 2608 11,
1778 2547 1827 2597 5.
1908 2545 1941 2595 9
1969 2548 2025 2594 et

306 2650 389 2682 me
416 2634 549 2684 libri.
597 2635 677 2684 sei
702 2633 763 2685 F.
809 2647 905 2684 seu
930 2637 1042 2684 cod.
1073 2634 1371 2695 Cubeljauii.
1424 2631 1484 2681 10
1509 2633 1614 2684 siui
1722 2632 1768 2680 si
1791 2629 1852 2680 P.
1903 2631 2022 2679 siue

306 2718 524 2770 locasse
570 2718 730 2769 deum
775 2718 837 2772 F.
919 2733 1017 2768 seu
1070 2717 1213 2767 uelis
1262 2732 1382 2767 esse
1430 2718 1560 2767 libri.
1633 2731 1731 2766 seu
1774 2716 2023 2781 posuisse

317 2805 597 2867 W’itlzofiuS.
671 2804 805 2853 deus
843 2818 963 2853 esse
1000 2803 1141 2853 uelis
1167 2804 1518 2852 Lachmannus
1553 2804 1639 2867 qui
1659 2816 1837 2851 uersus
1855 2797 2025 2848 7—10

305 2891 601 2951 mercatori,
652 2906 699 2938 u.
741 2887 820 2937 ll.
864 2887 926 2937 12
962 2888 1169 2938 Baccho
1221 2888 1412 2941 tribuit.
1488 2886 1544 2935 11
1582 2901 1758 2950 neque
1806 2885 1906 2934 tibi
1953 2883 2018 2933 A.

306 2975 589 3038 nequitiae
649 2973 767 3036 (est
812 2972 939 3035 om.)
988 2972 1048 3021 P.
1131 2988 1366 3037 namque
1412 2972 1516 3021 tibi
1564 2970 1622 3020 C.
1679 2970 1724 3020 l.
1769 2971 2022 3020 correxit.

307 3060 492 3124 magni
530 3057 636 3108 PC.
687 3060 860 3109 nostri
897 3058 960 3109 A.
1023 3058 1160 3107 facti
1200 3058 1262 3107 A.
1333 3058 1443 3107 sati
1481 3056 1541 3109 P.
1593 3056 1695 3105 fati
1733 3054 1787 3104 C.
1835 3054 2023 3119 magni

308 3160 350 3197 r.
388 3144 598 3194 Bacchi
627 3145 1021 3209 paraphrasim.
