2502 3620
968 116 1249 158 FABVLAE
1880 105 1960 168 23

233 267 338 327 ille
370 275 563 328 tamen
594 267 762 327 solito
795 274 1192 346 contorquens
1222 267 1338 328 tela
1368 267 1588 329 lacerto

320 370 509 430 vtnunc
539 370 646 429 tibi
665 417 678 438 ,
714 368 900 449 qualis
932 389 1091 439 eam,
1125 372 1367 430 nuntius
1395 373 1505 431 iste
1537 371 1762 432 refert?

235 479 298 531 et
329 471 502 533 simul
533 475 810 533 emissum
844 474 1131 550 transegit
1159 475 1390 533 uiscera
1421 473 1644 533 ferrum
1664 522 1677 543 ‚

323 577 816 654 praestrinxitque
849 576 997 635 citos
1028 575 1193 635 hasta
1226 581 1469 635 cruenta
1499 575 1699 654 pedes,
1928 582 1960 632 8

232 675 495 737 molliter
525 682 583 737 at
612 676 791 737 fixum
821 678 1084 737 traheret
1115 696 1250 737 cum
1280 679 1473 737 saucia
1505 677 1686 737 telum
1707 696 1748 745 ,’

324 797 356 838 a
387 778 617 857 trepida
647 779 837 859 femur
867 779 1041 858 uolpe
1073 786 1302 839 retenta
1334 779 1460 849 din,

231 881 424 950 unde,
458 883 591 960 quis
620 881 716 941 ille
749 882 930 952 foret,
965 883 1063 961 qui
1094 880 1229 941 talia
1261 880 1506 942 uolnera
1536 881 1748 953 ferret,

323 989 421 1043 aut
451 982 687 1043 ubinam
720 983 974 1044 iaculum
1006 982 1330 1044 delituisset
1362 1002 1559 1061 agenS.
1899 992 1958 1041 1⁶2

230 1084 334 1145 illa
366 1072 606 1163 gemens
637 1086 945 1165 fractoque
972 1087 1132 1167 loqui
1150 1087 1262 1146 -uix
1293 1105 1597 1148 murmure
1629 1088 1823 1166 coepit
2023 1067 2029 1073 ’

330 1185 482 1265 (nam
515 1186 713 1247 solitas
742 1207 920 1248 uoces
948 1191 1035 1248 ira
1068 1186 1351 1267 dolorque
1381 1188 1584 1268 rapit):

234 1288 423 1348 enulla
456 1289 690 1368 quidem
721 1290 914 1351 medio
947 1291 1227 1350 conuenit
1256 1291 1319 1348 in
1350 1307 1565 1367 aggere
1597 1280 1801 1360 forma,

321 1410 587 1471 quaeque
619 1393 802 1475 oculis
833 1392 971 1453 olim
1002 1394 1076 1451 sit
1108 1388 1428 1470 repetenda
1459 1394 1633 1452 meis:
1897 1401 1959 1450 16

232 1492 341 1553 sed
374 1511 551 1553 cruor
583 1499 640 1552 et
670 1494 879 1555 ualidis
909 1497 970 1554 in
1003 1514 1110 1554 nos
1141 1493 1365 1555 directa
1394 1494 1630 1554 lacertis

322 1595 637 1680 ostendunt
668 1596 919 1676 aliquem
950 1596 1065 1656 tela
1095 1597 1275 1658 fuisse
1305 1599 1543 1658 uirum?

961 1782 1248 1859 XVIII.

232 1937 835 2034 Quattuor-‘inmensis
865 1939 1157 2017 quondam
1190 1957 1299 2018 per
1329 1945 1493 2017 prata
1526 1940 1790 1999 iuuencis

319 2037 506 2098 fertur
536 2040 820 2099 amicitiae
854 2047 1010 2100 tanta
1043 2041 1220 2101 fuisse
1253 2039 1427 2111 fides,

230 2276 366 2327 libri.
439 2275 472 2325 6
508 2276 688 2341 qualis
726 2292 847 2326 eam
872 2276 932 2326 F.
1008 2277 1187 2341 qualis
1225 2294 1377 2328 eram
1404 2278 1536 2328 libri.
1612 2294 1718 2343 qua.
1753 2279 1958 2329 lateam

232 2361 298 2411 L.
382 2362 430 2410 is
457 2345 639 2412 refert'
654 2361 714 2410 P.
832 2362 861 2410 7
898 2361 1125 2412 uulnere
1163 2362 1271 2413 AC.
1310 2362 1540 2413 uulnera
1577 2362 1669 2412 PC
1700 2380 1835 2416 corr.
1875 2367 1954 2414 ui-

231 2462 394 2496 scera.
440 2430 742 2504 Puteabeus,
817 2448 962 2497 ferre
1010 2446 1073 2497 P.
1156 2446 1189 2495 8
1235 2449 1659 2513 perstrinxitque
1698 2447 1758 2497 P.
1837 2455 1957 2499 asta

236 2530 296 2579 C.
416 2531 449 2580 9
511 2536 568 2581 at
626 2531 789 2580 fixum
839 2532 1250 2596 Canneyieterm.
1302 2531 1534 2584 adfixum
1567 2534 1684 2583 ΑΡ.
1735 2534 1957 2585 affixum

233 2614 293 2664 C.
378 2614 440 2665 10
474 2616 665 2680 uolpes
711 2624 762 2665 et
805 2616 1035 2666 uolnera
1078 2618 1469 2681 paraphrastes,
1555 2617 1613 2667 ll
1664 2619 1789 2669 dum
1837 2621 1956 2684 quis

229 2699 363 2752 libri.
402 2700 631 2765 dumque
658 2702 780 2765 quis
808 2702 1220 2765 Canneyieterus.
1263 2703 1514 2766 quisnam
1543 2704 1762 2755 Guietus.
1803 2707 1957 2756 cuias

231 2785 295 2835 L.
368 2786 536 2848 unde,
577 2788 699 2849 quis
735 2785 797 2835 F.
884 2785 945 2835 12
983 2790 1040 2835 at
1074 2786 1169 2836 ubi
1206 2786 1316 2836 iam
1353 2786 1413 2836 Ρ.
1499 2788 1799 2840 dilituisset
1837 2789 1886 2838 A
1922 2807 1954 2839 a

227 2872 396 2934 prima
430 2887 574 2920 manu
599 2870 660 2920 P.
747 2869 807 2921 13
833 2875 1096 2936 coeptans
1123 2870 1184 2922 L.
1271 2871 1332 2921 15
1359 2888 1523 2938 agere
1550 2871 1611 2922 P.
1687 2873 1748 2922 17
1785 2875 1841 2923 in
1868 2891 1952 2925 me

228 2955 622 3019 paraphrastes.
824 3030 845 3037 ὡ
1400 3001 1450 3028 0,.

366 3040 553 3090 xvm.
624 3041 690 3090 In
716 3040 763 3088 A
787 3043 945 3091 index
980 3043 1138 3091 deest.
1197 3042 1297 3093 DE
1334 3043 1448 3093 1111
1485 3043 1823 3095 IVVENCIS
1859 3045 1952 3098 ΕΤ

232 3121 481 3172 LEONE
522 3123 578 3173 C.
655 3125 677 3174 1
717 3131 1040 3190 perpetrata
1077 3126 1140 3176 P.
