2502 3620
493 141 573 202 76
1209 153 1494 195 APOLOGI

492 309 666 365 alieno
715 308 942 364 fidentes
996 308 1265 362 adiutorio
1317 309 1531 381 saepius
1582 307 1903 362 defraudari.
1976 307 2230 380 Cumque

494 411 730 466 secundo
775 420 829 466 et
872 411 1037 465 tercio
1081 411 1367 482 petiuisset
1409 410 1647 464 rusticus
1678 408 1932 464 auxilium
1966 407 2230 469 alienum,

493 528 594 568 nec
625 513 748 568 inde
778 512 967 569 alauda
1002 511 1293 567 timendum
1328 513 1444 566 sore
1470 511 1725 567 decreuit.

579 648 682 703 Sed
712 656 999 722 postquam
1031 648 1305 703 dominum
1336 665 1532 703 cui-uas
1564 646 1930 720 conprendere
1963 645 2160 729 falces,

667 751 919 822 frugibus
951 758 1004 805 et
1036 766 1216 805 ueram
1251 751 1421 805 sensit
1451 749 1639 812 adesse
1670 765 1913 804 manum:

581 850 795 907 ‘nunc't
819 854 891 908 ait
932 850 989 906 ‘o
1022 853 1233 914 miseri,
1268 851 1461 907 dilecta
1492 851 1780 924 relinquite
1811 868 1965 912 rura,

666 970 786 1009 cum
821 969 969 1028 spem
1002 954 1066 1008 de
1096 955 1336 1027 propriis
1367 953 1579 1011 uiribus
1610 953 1700 1008 ille
1731 954 1910 1026 petit.'

1238 1184 1470 1248 XXII.

558 1316 561 1317 ⁷
624 1327 818 1400 Apollo
865 1327 1115 1401 cupidum
1151 1335 1204 1382 et
1235 1327 1476 1382 inuidum
1520 1328 1745 1381 comites
1776 1326 1985 1380 itineris
2018 1326 2099 1380 sui
2132 1325 2232 1381 ha-

498 1427 632 1483 bens
665 1428 824 1491 dixit,
874 1437 935 1484 ut
965 1429 1102 1484 alter
1134 1429 1334 1484 donum
1366 1429 1512 1502 quod
1543 1428 1708 1483 uellet
1738 1426 1805 1483 ab
1836 1443 1897 1482 eo
1930 1435 2139 1500 peteret
2169 1436 2233 1482 et
2272 1488 2276 1493 ,

500 1531 753 1603 protinus
797 1532 1098 1604 optineret:
1144 1547 1250 1586 non
1294 1532 1498 1603 petenti
1540 1546 1671 1585 uero
1714 1529 1935 1584 daretur
1964 1530 2229 1584 continuo

502 1632 725 1706 duplum
771 1634 905 1689 eius.
967 1632 1204 1705 Cupidus
1245 1634 1446 1704 igitur,
1498 1631 1562 1687 ad
1602 1630 1825 1705 duplum
1858 1630 2112 1686 anhelans
2141 1630 2230 1685 lu-

500 1751 681 1797 crum,
737 1735 978 1791 inuidum
1027 1734 1276 1807 conpulit
1316 1734 1380 1790 ad
1424 1733 1733 1807 petendum.
1824 1733 1927 1788 Sed
1979 1732 2065 1788 ille
2114 1748 2229 1786 non

499 1836 681 1892 serens
722 1840 1137 1912 prosperitatem
1181 1838 1407 1893 alterius
1450 1837 1607 1910 petiit
1650 1835 1751 1891 sibi
1781 1838 1940 1891 unius
1972 1834 2115 1891 oculi
2145 1836 2232 1889 ui·

462 2005 465 2010 .
500 1956 616 1993 sum
650 1942 922 2013 extingui,
956 1947 1017 1994 ut
1049 1940 1229 1995 socius
1255 1957 1385 1995 suus
1409 1938 1609 1994 lumine
1632 1939 1945 2012 priuaretur
1973 1945 2230 2010 utroque.

499 2029 653 2106 Quod
685 2048 739 2094 et
770 2041 971 2096 sactum
1002 2049 1102 2096 est.
1351 2047 1407 2068 Μ

585 2176 736 2232 Tunc
769 2184 974 2232 sortem
1009 2178 1223 2251 sapiens
1255 2178 1540 2244 humanam
1572 2178 1693 2232 risit
1721 2176 1916 2250 Apollo

669 2279 1010 2352 inuidiaeque
1041 2278 1239 2334 malum
1273 2278 1485 2334 rettulit
1516 2280 1632 2353 ipse
1667 2279 1811 2340 Ioui,
1977 2296 1982 2304 ’
2044 2315 2054 2340 i

588 2393 753 2453 quae,
787 2380 913 2437 dum
945 2380 1183 2435 fortunis
1217 2380 1444 2436 aliorum
1477 2379 1673 2453 gaudet
1703 2382 1929 2453 iniquis,

594 2521 595 2524 η
666 2481 860 2538 laetior
891 2483 1079 2539 infelix
1111 2490 1164 2537 et
1196 2500 1293 2538 sua
1324 2482 1750 2556 dampnacupit.
1925 2467 1928 2474 ᾖ

1225 2714 1492 2777 ΧΧΙΙΙ.

625 2855 857 2911 Institor
886 2857 1173 2927 imaginem
1204 2856 1395 2912 Bacchi
1426 2872 1781 2912 marmoream
1815 2855 2110 2911 uenditioni
2144 2872 2233 2911 ex·

498 2958 716 3030 posuit,
762 2959 903 3013 circa
949 2975 1110 3030 quam
1154 2957 1552 3032 conparandam
1584 2958 1691 3014 duo
1724 2958 1991 3014 affuerunt
2022 2966 2234 3032 empto-

499 3072 618 3119 res,
672 3075 814 3113 unus
857 3066 918 3114 ut
950 3058 1015 3114 de
1045 3075 1105 3114 ea
1137 3060 1414 3116 cuiusdam
1450 3060 1688 3115 defuncti
1733 3060 2038 3134 sepulcrum
2071 3079 2232 3118 orna-

500 3167 612 3220 ret,
657 3160 796 3215 alter
838 3169 898 3215 ut
940 3176 1055 3216 eam
1100 3162 1153 3215 in
1186 3160 1396 3234 templo·
1425 3169 1692 3216 statueret
1722 3161 1918 3217 debitis
1951 3161 2230 3218 sacrificiis
