2502 3620
511 155 612 200 XII
824 218 832 228 .
1179 158 1526 201 PRAEFATIO

512 312 577 375 be
615 307 1015 390 ffifotssbeim')
1052 308 1221 368 editis
1251 310 1517 388 antiquas
1560 316 1936 369 tremantum
1969 314 2089 385 (10.
2121 314 2221 375 21.

511 426 589 487 33
641 422 703 480 in
747 418 901 479 foliis
932 417 1020 478 D⁵
1051 416 1137 477 134
1168 415 1275 496 F2)
1317 420 1516 479 inueni
1560 437 1772 499 easque
1819 421 1896 479 ita
1939 419 2223 481 transfor-

509 537 695 591 matas
724 536 789 590 ut
819 528 1011 590 nullus
1042 528 1214 608 plane
1245 528 1381 588 inde
1412 529 1636 589 fructus
1678 529 2053 590 redundaret.

650 640 929 719 Superest
982 646 1046 700 ut
1103 641 1161 699 in
1216 640 1423 699 Auiani
1475 641 1680 718 prima·
1719 640 1829 700 hac
1879 643 2225 703 recensione

510 753 712 812 critica
759 759 1039 831 quantum
1096 749 1168 809 ab
1217 752 1344 809 istis
1399 750 1733 821 didicerim,
1795 753 1895 831 qui
1946 759 2080 811 ante
2130 771 2225 812 me

508 861 854 922 fabulatoris
904 853 1273 921 rusticissimi
1343 859 1561 940 (quinti
1618 862 1774 921 enim
1835 860 2051 922 saeculi
2109 869 2226 923 tam

511 980 599 1032 est
629 990 805 1051 quam
835 970 1045 1049 potest)
1080 971 1438 1031 carminibus
1468 963 1961 1049 recognoscendis
1984 992 2227 1051 operam

510 1082 825 1151 dederunt,
874 1082 1079 1161 paucis
1131 1080 1405 1142 indicem.
1496 1082 1755 1153 Quorum
1801 1101 1937 1161 pars
1979 1102 2111 1143 cum
2154 1082 2225 1142 de

510 1190 840 1252 fabularum
871 1197 1059 1251 aetate
1091 1193 1266 1251 nimis
1300 1193 1361 1250 in
1405 1192 1827 1271 disceptatione
1871 1200 2223 1263 uersaretur,

438 1310 443 1317 ‘
510 1303 582 1362 de
632 1302 901 1363 codicum
942 1303 1144 1380 precio
1200 1321 1406 1361 omnes
1450 1309 1650 1382 aperte
1705 1310 2001 1373 errarent,
2057 1304 2227 1381 pauci

510 1420 738 1473 tantum
780 1413 877 1472 hic
918 1410 1037 1470 illic
1082 1412 1235 1489 frugi
1282 1411 1497 1491 aliquid
1538 1413 1946 1492 proferebant,
1991 1411 2227 1492 plurimi

508 1542 653 1589 uero
697 1521 1108 1583 hariolantium
1151 1525 1337 1599 magis
1384 1542 1557 1601 quam
1616 1523 1889 1583 meditate
1931 1524 2226 1600 agentium

510 1634 917 1693 coniectaneas
947 1634 1130 1692 textui
1160 1631 1550 1693 inculcabant.
1609 1617 1692 1693 E'x
1724 1633 1933 1693 horum
1959 1651 2224 1701 numere,

510 1751 573 1804 ut
615 1761 721 1823 par
765 1749 884 1813 est,
927 1760 1110 1803 unum
1154 1742 1424 1824 equidem
1459 1744 1734 1804 Carolum
1760 1744 2225 1822 Lachmannum,
2287 1770 2294 1777 ·

509 1855 809 1916 hominem
841 1856 1513 1933 peringeniosissimu1n‚
1548 1856 1771 1932 excipio
1803 1856 1927 1934 qui,
1962 1856 2228 1934 quamuis

510 1964 990 2025 membranarum
1013 1983 1191 2044 opera
1221 1983 1408 2043 paene
1442 1963 1767 2034 destitutuS,
1801 1963 1998 2024 multis
2029 1972 2228 2025 tamen

507 2078 569 2135 in
610 2074 755 2135 locis
797 2093 1005 2135 uerum
1047 2074 1395 2134 mirabiliter
1427 2075 1712 2135 diuinauit
1751 2077 1948 2154 itaque
1993 2082 2052 2134 et
2092 2076 2227 2136 huic

509 2184 821 2245 fabulatori
864 2204 1038 2264 quam
1086 2184 1299 2263 ubique
1342 2183 1567 2245 solebat
1606 2184 1797 2245 lucem
1829 2184 2052 2246 adtulit.
2110 2185 2227 2246 Ali-

509 2297 779 2375 quotiens
821 2297 1014 2355 minus
1063 2301 1221 2354 recte
1264 2279 1568 2364 iudicauit,
1614 2296 1769 2374 quod
1801 2314 2007 2356 uersus
2037 2295 2229 2356 ulcus-

511 2405 642 2465 culo
689 2404 883 2485 aliquo
930 2404 1266 2464 laborantes
1307 2412 1582 2485 tanquam
1637 2408 1920 2465 insiticios
1963 2405 2227 2475 seclusit3

510 2523 569 2576 at
592 2534 736 2576 uero
764 2517 866 2586 sic,
895 2516 1383 2595 quandocumque
1413 2515 1663 2586 errabat,
1699 2517 1810 2576 hoc
1836 2518 1963 2596 ipso
1992 2516 2229 2576 errandi

511 2645 727 2704 genere
752 2626 884 2705 plus
908 2627 1158 2706 profecit
1188 2646 1363 2706 quam
1394 2627 1492 2705 qui
1517 2633 1656 2686 ¹ante
1689 2645 1821 2686 eum
1853 2626 2230 2705 superbiores

483 2755 696 2815 ‚usque
727 2756 956 2816 quaque
987 2756 1129 2797 uera
1161 2754 1223 2796 se
1256 2739 1507 2797 sensisse
1539 2735 1770 2815 gloriati
1803 2745 1987 2798 erant.

674 2847 891 2907 Dabam
952 2848 1190 2907 Parisiis
1255 2848 1358 2923 XII
1421 2847 1514 2906 die
1585 2849 1803 2907 mensis
1863 2847 2232 2927 Septembris
2295 2917 2302 2926 .

513 2949 1118 3011 Cls).1[).CCC.LX1.
