2502 3620
311 1428 319 1437 .
398 1362 507 1444 Ex
550 1387 913 1449 uetustarum
953 1386 1238 1458 quotquot
1277 1381 1486 1439 Auiani
1527 1377 1789 1439 libellum
1845 1397 1985 1438 con-

274 1491 650 1568 prehendunt
672 1490 1148 1551 membranarum
1175 1509 1422 1550 numero
1445 1489 1800 1570 praegrandi
1824 1496 1987 1568 quat-

273 1608 408 1660 tuor
450 1603 818 1680 potissimum
860 1602 1004 1661 mihi
1047 1600 1204 1661 u'isae
1246 1607 1383 1661 sunt
1423 1600 1793 1689 deligendae,
1848 1618 1988 1678 qua-

250 1727 407 1771 ·rum
461 1714 804 1772 auctoritate
856 1711 1138 1771 subnixus
1191 1710 1533 1771 fabulatoris
1585 1711 1808 1789 antiqui
1860 1728 1989 1769 car-

275 1823 432 1882 mina
504 1824 898 1883 emendarem.
993 1822 1161 1883 Nono
1233 1824 1389 1882 enim
1449 1822 1680 1882 saeculo
1738 1824 1991 1901 scriptae

272 1934 419 1992 istae
461 1933 697 2012 quidem
742 1952 945 1993 omnes
997 1940 1183 1993 aetate
1236 1933 1575 1993 ueneranda
1629 1952 1746 1993 non
1799 1935 1992 1993 minus

275 2062 449 2122 quam
482 2046 856 2124 conspirante
889 2063 994 2105 suo
1041 2062 1332 2105 consensu
1364 2063 1396 2104 a
1428 2045 1641 2104 ceteris
1671 2045 1771 2123 qui
1802 2044 1992 2103 adhuc

272 2155 656 2215 innotuerunt
688 2154 880 2225 libris,
927 2157 1112 2234 iisque
1145 2163 1203 2215 et
1232 2155 1663 2216 recentioribus
1705 2162 1763 2214 et
1805 2155 1994 2214 omnis

273 2266 510 2342 generis
558 2265 1049 2345 interpolamento
1105 2284 1343 2345 pessum
1397 2266 1573 2336 datis,
1629 2272 1747 2324 tam
1788 2262 1996 2343 procul

275 2374 486 2435 absunt
540 2383 603 2436 ut
661 2378 1013 2456 quicumque
1066 2377 1220 2436 hanc
1275 2359 1543 2436 codicum
1597 2376 1994 2435 diuersitatem

277 2488 564 2547 curiosius
595 2488 967 2566 expenderit,
1029 2489 1145 2546 utri
1187 2488 1335 2546 utris
1365 2493 1666 2565 praestent
1697 2484 1996 2563 ambigere

278 2605 548 2677 nequeat.
620 2597 693 2657 Et
733 2599 962 2677 priores
994 2597 1306 2676 adparatus
1348 2598 1466 2656 mei
1501 2595 1637 2655 libri
1668 2603 1788 2655 tres
1819 2595 1993 2656 hodie

274 2710 334 2767 in
376 2708 748 2787 bybliotheca
798 2709 1061 2769 Caesaris
1102 2708 1394 2768 Parisiaca
1446 2709 1662 2767 seruati
1706 2708 1891 2767 cuiuis
1935 2707 1998 2765 in

275 2827 552 2898 promptu
581 2827 742 2879 sunt:
790 2814 844 2877 A
875 2836 1122 2878 numero
1154 2822 1319 2884 8093
1350 2819 1665 2896 inscriptus
1709 2815 1865 2897 (olim
1897 2817 2000 2876 Ni-

274 2932 432 2990 colaz'
468 2931 683 3005 Fabri,
728 2929 940 2989 deinde
974 2929 1226 2988 Colbertz‘
1256 2905 1469 3009 1512)',
1514 2927 1999 2988 membranaceus

274 3041 499 3099 formae
547 3041 891 3119 quadratae,
938 3040 1117 3100 multa
1151 3040 1450 3099 uariorum
1491 3046 1799 3117 poetarum
1841 3037 1997 3114 frag-

273 3159 473 3211 menta
533 3152 826 3231 uariisque
882 3150 1244 3231 temporibus
1298 3149 1533 3211 exarata
1588 3147 1996 3227 conplectitur,

1625 3263 1694 3300 A,
