2502 3620
518 103 645 164 80·
1238 114 1523 156 APOLOGI

605 272 749 326 disce
783 280 956 326 tamen
988 270 1247 326 breuibus
1280 285 1417 343 quae
1447 271 1518 324 sit
1548 268 1740 323 fiducia
1770 269 2057 329 monstris,

690 380 743 426 et
775 371 936 427 facias
968 371 1225 445 quicquid
1256 370 1483 444 paruula
1516 370 1674 426 turba
1704 371 1893 443 cupit?
1981 422 1987 428 .

1226 584 1533 649 XXXII.

647 728 807 801 Piger
849 730 1086 785 rusticus
1139 727 1444 801 plaustrum
1495 728 1732 788 minanS,
1789 744 1909 782 cum
1952 725 2085 781 illud
2131 727 2261 781 luto

523 833 829 886 haerentem
860 831 1227 902 conspiceret,
1273 830 1434 884 humi.
1464 828 1705 883 residens
1736 828 1959 883 deorum
1990 827 2260 884 auxilium

522 931 827 987 inuocabat.
886 931 981 987 Cui
1023 930 1279 986 Hercules
1323 933 1422 985 ait:
1474 929 1750 1004 ‘apponc,
1794 932 1982 991 miser,
2025 946 2258 984 manum

524 1035 768 1108 plaustro
801 1041 852 1088 et
883 1033 1098 1088 stimula
1128 1032 1298 1088 boues
1333 1040 1471 1087 tuos.
1528 1031 1582 1087 Si
1611 1034 1696 1087 uis
1728 1031 1857 1087 deos
1891 1031 2085 1087 habere
2118 1049 2260 1104 pro-

442 1128 448 1135 ’
521 1137 720 1210 picios‚
753 1136 945 1192 adiuua
980 1143 1142 1190 temet
1172 1134 1391 1208 ipsum.'

606 1255 757 1310 Disce
788 1256 959 1328 pigris
989 1271 1282 1328 numquam
1313 1253 1523 1308 deflecti
1555 1255 1772 1309 numina
1802 1254 1978 1315 notis;

691 1364 1005 1430 praesentes
1037 1355 1285 1417 adhibes,
1319 1373 1439 1410 cum
1474 1355 1603 1412 sacis
1634 1356 1780 1428 ipse,
1814 1355 1961 1410 deos.

1207 1585 1545 1649 XXXIII.

649 1731 890 1788 Habebat
921 1732 1158 1786 rusticus
1190 1747 1376 1786 aucam
1411 1737 1560 1785 tanto
1593 1731 1735 1800 genii
1767 1745 1989 1784 munere
2020 1730 2256 1801 insigni-

525 1813 660 1896 tam,
705 1834 850 1907 quod
892 1834 1120 1906 singulis
1164 1834 1478 1905 septimanis
1512 1832 1723 1904 singula
1766 1834 1819 1887 in
1852 1833 1975 1888 nido
2008 1850 2106 1887 suo
2141 1850 2255 1889 oua

523 1935 760 2009 ponebat
802 1952 978 1992 aurea.
1040 1936 1293 2009 Rusticus
1338 1942 1514 1990 autem
1564 1936 1680 1990 auri
1722 1951 1904 1990 amore
1949 1952 2254 1989 succensus

525 2020 844 2110 tardumque
875 2040 1098 2111 cupiens
1129 2036 1429 2092 accelerare
1457 2038 1767 2092 thesaurum
1794 2053 1979 2092 aucam
2008 2038 2252 2099 necauit‚

524 2147 586 2194 ut
617 2157 718 2194 oua
753 2146 945 2194 cuncta
988 2139 1054 2194 de
1094 2147 1288 2194 uentre
1305 2139 1439 2193 *eius
1472 2140 1777 2193 extraheret
1808 2156 1913 2195 una
1945 2140 2078 2194 uice.
2142 2138 2254 2194 Sed

525 2243 696 2315 ipsam
728 2258 952 2298 uacuam
983 2242 1104 2296 ouis
1137 2242 1414 2314 reperiens
1445 2240 1825 2295 miserabiliter
1856 2257 2007 2295 suam
2038 2240 2254 2314 planxit

526 2346 810 2402 miseriam.
853 2414 856 2417 ᾗ

609 2464 697 2519 Sic
726 2465 818 2537 qui
849 2471 1040 2521 cuncta
1070 2464 1199 2520 deos
1230 2480 1338 2520 uno
1370 2462 1507 2519 male
1537 2469 1781 2536 tempore
1811 2469 2072 2535 poscunt,

693 2566 892 2625 iustius
923 2567 1006 2622 his
1039 2568 1199 2623 etiam
1230 2574 1358 2621 uota
1389 2547 1581 2622 diurna
1610 2571 1826 2637 negant.

1202 2780 1576 2845 XXXIIII.

652 2925 896 2981 Formica
938 2932 1182 2998 tempore
1224 2924 1439 2980 hiemali
1483 2925 1810 2979 frumentum
1854 2923 2000 2997 quod
2040 2930 2253 2980 aestate

528 3027 847 3100 collegerat.
894 3026 1211 3083 exsiccabat.
1273 3025 1442 3094 Quam
1484 3026 1663 3083 cicada
1704 3028 1949 3082 esuriens
1991 3026 2254 3083 exorabat

528 3137 590 3185 ut
621 3130 724 3188 sibi
754 3130 952 3206 aliquid
982 3129 1291 3203 largiretur,
1324 3145 1391 3184 ne
1422 3130 1561 3186 fame
1590 3130 1812 3203 periret.
1858 3129 1952 3186 Cui
1986 3130 2249 3188 formica:
