<?xml version="1.0" encoding="UTF-8"?>
<!DOCTYPE html PUBLIC "-//W3C//DTD XHTML 1.0 Transitional//EN"
    "http://www.w3.org/TR/xhtml1/DTD/xhtml1-transitional.dtd">
<html xmlns="http://www.w3.org/1999/xhtml" xml:lang="en" lang="en">
 <head>
  <title>
</title>
<meta http-equiv="Content-Type" content="text/html;charset=utf-8" />
  <meta name='ocr-system' content='tesseract 3.04.00' />
  <meta name='ocr-capabilities' content='ocr_page ocr_carea ocr_par ocr_line ocrx_word'/>
</head>
<body>
  <div class='ocr_page' id='page_1' title='image "avianifabvlaexx00froegoog_0074.png"; bbox 0 0 2502 3620; ppageno 0'>
   <div class='ocr_carea' id='block_1_1' title="bbox 499 102 1835 164">
    <p class='ocr_par' dir='ltr' id='par_1_1' title="bbox 499 102 1835 164">
     <span class='ocr_line' id='line_1_1' title="bbox 499 102 1835 164; baseline -0.004 -7"><span class='ocrx_word' id='word_1_1' title='bbox 499 102 578 164; x_wconf 87' lang='lat'><strong>58</strong></span> <span class='ocrx_word' id='word_1_2' title='bbox 858 115 1161 157; x_wconf 71' lang='lat' dir='ltr'><strong>MAGIs&#39;rm</strong></span> <span class='ocrx_word' id='word_1_3' title='bbox 1193 113 1551 155; x_wconf 67' lang='lat' dir='ltr'><strong>AnuxAxnm</strong></span> <span class='ocrx_word' id='word_1_4' title='bbox 1581 112 1835 163; x_wconf 70' lang='lat' dir='ltr'><strong>NEQVAM</strong></span> 
     </span>
    </p>
   </div>
   <div class='ocr_carea' id='block_1_2' title="bbox 497 267 1805 444">
    <p class='ocr_par' dir='ltr' id='par_1_2' title="bbox 497 267 1805 444">
     <span class='ocr_line' id='line_1_2' title="bbox 497 267 1636 327; baseline -0.006 0"><span class='ocrx_word' id='word_1_5' title='bbox 497 270 708 327; x_wconf 80' lang='lat' dir='ltr'><strong>Deliciis</strong></span> <span class='ocrx_word' id='word_1_6' title='bbox 741 270 927 326; x_wconf 82' lang='lat' dir='ltr'><strong>sedare</strong></span> <span class='ocrx_word' id='word_1_7' title='bbox 958 269 1151 325; x_wconf 80' lang='lat' dir='ltr'><strong>famem</strong></span> <span class='ocrx_word' id='word_1_8' title='bbox 1185 269 1302 324; x_wconf 87' lang='lat' dir='ltr'><strong>sitit</strong></span> <span class='ocrx_word' id='word_1_9' title='bbox 1332 267 1422 322; x_wconf 90' lang='lat' dir='ltr'><strong>ille</strong></span> <span class='ocrx_word' id='word_1_10' title='bbox 1454 268 1636 322; x_wconf 87' lang='lat' dir='ltr'><strong>sititor</strong></span> 
     </span>
     <span class='ocr_line' id='line_1_3' title="bbox 586 367 1805 444; baseline -0.005 -17"><span class='ocrx_word' id='word_1_11' title='bbox 586 373 864 444; x_wconf 83' lang='lat' dir='ltr'><strong>sanguinis</strong></span> <span class='ocrx_word' id='word_1_12' title='bbox 896 379 951 426; x_wconf 89' lang='lat' dir='ltr'><strong>et</strong></span> <span class='ocrx_word' id='word_1_13' title='bbox 980 371 1181 427; x_wconf 82' lang='lat' dir='ltr'><strong>laetum</strong></span> <span class='ocrx_word' id='word_1_14' title='bbox 1215 377 1398 443; x_wconf 79' lang='lat' dir='ltr'><strong>sperat</strong></span> <span class='ocrx_word' id='word_1_15' title='bbox 1430 369 1618 424; x_wconf 83' lang='lat' dir='ltr'><strong>adesse</strong></span> <span class='ocrx_word' id='word_1_16' title='bbox 1650 367 1805 422; x_wconf 86' lang='lat' dir='ltr'><strong>diem.</strong></span> 
     </span>
    </p>
   </div>
   <div class='ocr_carea' id='block_1_3' title="bbox 500 469 1939 559">
    <p class='ocr_par' dir='ltr' id='par_1_3' title="bbox 500 469 1939 559">
     <span class='ocr_line' id='line_1_4' title="bbox 500 469 1939 559; baseline -0.006 -29"><span class='ocrx_word' id='word_1_17' title='bbox 500 477 658 531; x_wconf 82' lang='lat' dir='ltr'><strong>Festa</strong></span> <span class='ocrx_word' id='word_1_18' title='bbox 690 493 790 530; x_wconf 92' lang='lat' dir='ltr'><strong>suo</strong></span> <span class='ocrx_word' id='word_1_19' title='bbox 824 473 1102 559; x_wconf 72' lang='lat' dir='ltr'><strong>stomacho</strong></span> <span class='ocrx_word' id='word_1_20' title='bbox 1136 470 1368 546; x_wconf 85' lang='lat' dir='ltr'><strong>spondet</strong></span> <span class='ocrx_word' id='word_1_21' title='bbox 1400 471 1698 543; x_wconf 79' lang='lat' dir='ltr'><strong>solempnia</strong></span> <span class='ocrx_word' id='word_1_22' title='bbox 1729 469 1905 524; x_wconf 82' lang='lat' dir='ltr'><strong>laetus</strong></span> <span class='ocrx_word' id='word_1_23' title='bbox 1926 511 1939 529; x_wconf 92' lang='lat'><strong>,</strong></span> 
     </span>
    </p>
   </div>
   <div class='ocr_carea' id='block_1_4' title="bbox 502 571 1874 1059">
    <p class='ocr_par' dir='ltr' id='par_1_4' title="bbox 502 571 1789 752">
     <span class='ocr_line' id='line_1_5' title="bbox 585 571 1789 650; baseline -0.006 -17"><span class='ocrx_word' id='word_1_24' title='bbox 585 580 687 633; x_wconf 86' lang='lat' dir='ltr'><strong>iam</strong></span> <span class='ocrx_word' id='word_1_25' title='bbox 722 577 824 632; x_wconf 87' lang='lat' dir='ltr'><strong>sibi</strong></span> <span class='ocrx_word' id='word_1_26' title='bbox 852 583 1168 650; x_wconf 83' lang='lat' dir='ltr'><strong>praesentes</strong></span> <span class='ocrx_word' id='word_1_27' title='bbox 1200 572 1357 647; x_wconf 84' lang='lat' dir='ltr'><strong>fingit</strong></span> <span class='ocrx_word' id='word_1_28' title='bbox 1388 573 1576 629; x_wconf 83' lang='lat' dir='ltr'><strong>adesse</strong></span> <span class='ocrx_word' id='word_1_29' title='bbox 1607 571 1789 646; x_wconf 81' lang='lat' dir='ltr'><strong>dapes.</strong></span> 
     </span>
     <span class='ocr_line' id='line_1_6' title="bbox 502 674 1708 752; baseline -0.003 -18"><span class='ocrx_word' id='word_1_30' title='bbox 502 680 770 752; x_wconf 84' lang='lat' dir='ltr'><strong>Incipiunt</strong></span> <span class='ocrx_word' id='word_1_31' title='bbox 802 678 1016 733; x_wconf 82' lang='lat' dir='ltr'><strong>tandem</strong></span> <span class='ocrx_word' id='word_1_32' title='bbox 1048 676 1256 733; x_wconf 84' lang='lat' dir='ltr'><strong>turbari</strong></span> <span class='ocrx_word' id='word_1_33' title='bbox 1290 675 1513 749; x_wconf 80' lang='lat' dir='ltr'><strong>gaudia,</strong></span> <span class='ocrx_word' id='word_1_34' title='bbox 1545 674 1708 747; x_wconf 81' lang='lat' dir='ltr'><strong>longa</strong></span> 
     </span>
    </p>

    <p class='ocr_par' dir='ltr' id='par_1_5' title="bbox 503 776 1874 957">
     <span class='ocr_line' id='line_1_7' title="bbox 588 776 1874 854; baseline -0.005 -18"><span class='ocrx_word' id='word_1_35' title='bbox 588 796 712 854; x_wconf 91' lang='lat' dir='ltr'><strong>spes</strong></span> <span class='ocrx_word' id='word_1_36' title='bbox 745 783 980 836; x_wconf 79' lang='lat' dir='ltr'><strong>animum</strong></span> <span class='ocrx_word' id='word_1_37' title='bbox 1011 782 1247 843; x_wconf 83' lang='lat' dir='ltr'><strong>cruciat;</strong></span> <span class='ocrx_word' id='word_1_38' title='bbox 1283 794 1378 853; x_wconf 91' lang='lat' dir='ltr'><strong>spe</strong></span> <span class='ocrx_word' id='word_1_39' title='bbox 1411 778 1679 849; x_wconf 81' lang='lat' dir='ltr'><strong>fugiente,</strong></span> <span class='ocrx_word' id='word_1_40' title='bbox 1714 776 1874 847; x_wconf 84' lang='lat' dir='ltr'><strong>sugit.</strong></span> 
     </span>
     <span class='ocr_line' id='line_1_8' title="bbox 503 878 1867 957; baseline -0.003 -19"><span class='ocrx_word' id='word_1_41' title='bbox 503 882 639 957; x_wconf 89' lang='lat' dir='ltr'><strong>Spes</strong></span> <span class='ocrx_word' id='word_1_42' title='bbox 670 882 831 939; x_wconf 81' lang='lat' dir='ltr'>fallax</span> <span class='ocrx_word' id='word_1_43' title='bbox 861 882 1064 937; x_wconf 90' lang='lat' dir='ltr'><strong>multos</strong></span> <span class='ocrx_word' id='word_1_44' title='bbox 1096 881 1263 943; x_wconf 79' lang='lat' dir='ltr'><strong>fallit,</strong></span> <span class='ocrx_word' id='word_1_45' title='bbox 1308 898 1429 937; x_wconf 86' lang='lat' dir='ltr'><strong>sors</strong></span> <span class='ocrx_word' id='word_1_46' title='bbox 1459 878 1669 935; x_wconf 81' lang='lat' dir='ltr'><strong>lubrica</strong></span> <span class='ocrx_word' id='word_1_47' title='bbox 1699 878 1867 934; x_wconf 84' lang='lat' dir='ltr'><strong>ludit.</strong></span> 
     </span>
    </p>

    <p class='ocr_par' dir='ltr' id='par_1_6' title="bbox 584 980 1826 1059">
     <span class='ocr_line' id='line_1_9' title="bbox 584 980 1826 1059; baseline -0.006 -18"><span class='ocrx_word' id='word_1_48' title='bbox 584 985 872 1059; x_wconf 84' lang='lat' dir='ltr'><strong>promissis</strong></span> <span class='ocrx_word' id='word_1_49' title='bbox 902 1001 1009 1040; x_wconf 93' lang='lat' dir='ltr'><strong>non</strong></span> <span class='ocrx_word' id='word_1_50' title='bbox 1044 991 1128 1039; x_wconf 89' lang='lat' dir='ltr'><strong>est</strong></span> <span class='ocrx_word' id='word_1_51' title='bbox 1159 999 1373 1057; x_wconf 82' lang='lat' dir='ltr'><strong>semper</strong></span> <span class='ocrx_word' id='word_1_52' title='bbox 1403 981 1643 1038; x_wconf 79' lang='lat' dir='ltr'><strong>habenda</strong></span> <span class='ocrx_word' id='word_1_53' title='bbox 1675 980 1826 1036; x_wconf 84' lang='lat' dir='ltr'><strong>fides.</strong></span> 
     </span>
    </p>
   </div>
   <div class='ocr_carea' id='block_1_5' title="bbox 1327 1231 1418 1294">
    <p class='ocr_par' dir='ltr' id='par_1_7' title="bbox 1327 1231 1418 1294">
     <span class='ocr_line' id='line_1_10' title="bbox 1327 1231 1418 1294; baseline -0.022 0"><span class='ocrx_word' id='word_1_54' title='bbox 1327 1231 1418 1294; x_wconf 91' lang='lat' dir='ltr'><strong>II.</strong></span> 
     </span>
    </p>
   </div>
   <div class='ocr_carea' id='block_1_6' title="bbox 1152 1401 1590 1455">
    <p class='ocr_par' dir='ltr' id='par_1_8' title="bbox 1152 1401 1590 1455">
     <span class='ocr_line' id='line_1_11' title="bbox 1152 1401 1590 1455; baseline 0.007 -4"><span class='ocrx_word' id='word_1_55' title='bbox 1152 1402 1197 1453; x_wconf 89' lang='lat' dir='ltr'><strong>l.</strong></span> <span class='ocrx_word' id='word_1_56' title='bbox 1263 1401 1590 1455; x_wconf 88' lang='lat' dir='ltr'><strong>COPIOSE.</strong></span> 
     </span>
    </p>
   </div>
   <div class='ocr_carea' id='block_1_7' title="bbox 506 1542 1825 2417">
    <p class='ocr_par' dir='ltr' id='par_1_9' title="bbox 506 1542 1825 2417">
     <span class='ocr_line' id='line_1_12' title="bbox 506 1542 1705 1616; baseline -0.002 -17"><span class='ocrx_word' id='word_1_57' title='bbox 506 1547 686 1599; x_wconf 91' lang='lat' dir='ltr'><strong>Ausus</strong></span> <span class='ocrx_word' id='word_1_58' title='bbox 718 1543 939 1599; x_wconf 82' lang='lat' dir='ltr'><strong>illicitos</strong></span> <span class='ocrx_word' id='word_1_59' title='bbox 970 1544 1127 1616; x_wconf 89' lang='lat' dir='ltr'><strong>punit</strong></span> <span class='ocrx_word' id='word_1_60' title='bbox 1159 1545 1344 1614; x_wconf 80' lang='lat' dir='ltr'><strong>grauis</strong></span> <span class='ocrx_word' id='word_1_61' title='bbox 1376 1545 1578 1604; x_wconf 90' lang='lat' dir='ltr'><strong>exitus,</strong></span> <span class='ocrx_word' id='word_1_62' title='bbox 1610 1542 1705 1598; x_wconf 86' lang='lat' dir='ltr'><strong>alti</strong></span> 
     </span>
     <span class='ocr_line' id='line_1_13' title="bbox 593 1630 1605 1717; baseline -0.001 -16"><span class='ocrx_word' id='word_1_63' title='bbox 593 1662 853 1701; x_wconf 80' lang='lat' dir='ltr'><strong>aseensus</strong></span> <span class='ocrx_word' id='word_1_64' title='bbox 884 1647 1075 1717; x_wconf 79' lang='lat' dir='ltr'><strong>ingens</strong></span> <span class='ocrx_word' id='word_1_65' title='bbox 1106 1661 1228 1699; x_wconf 91' lang='lat' dir='ltr'><strong>esse</strong></span> <span class='ocrx_word' id='word_1_66' title='bbox 1262 1630 1417 1700; x_wconf 81' lang='lat' dir='ltr'><strong>ruina</strong></span> <span class='ocrx_word' id='word_1_67' title='bbox 1450 1645 1605 1700; x_wconf 84' lang='lat' dir='ltr'><strong>solet.</strong></span> 
     </span>
     <span class='ocr_line' id='line_1_14' title="bbox 509 1747 1825 1822; baseline -0.003 -18"><span class='ocrx_word' id='word_1_68' title='bbox 509 1749 757 1804; x_wconf 82' lang='lat' dir='ltr'><strong>Ambitus</strong></span> <span class='ocrx_word' id='word_1_69' title='bbox 790 1755 873 1803; x_wconf 88' lang='lat' dir='ltr'><strong>est</strong></span> <span class='ocrx_word' id='word_1_70' title='bbox 903 1748 1075 1822; x_wconf 90' lang='lat' dir='ltr'><strong>pestis</strong></span> <span class='ocrx_word' id='word_1_71' title='bbox 1110 1747 1210 1803; x_wconf 88' lang='lat' dir='ltr'><strong>sihi</strong></span> <span class='ocrx_word' id='word_1_72' title='bbox 1240 1748 1578 1822; x_wconf 84' lang='lat' dir='ltr'><strong>perniciosa,</strong></span> <span class='ocrx_word' id='word_1_73' title='bbox 1614 1748 1825 1802; x_wconf 81' lang='lat' dir='ltr'><strong>ruinam</strong></span> 
     </span>
     <span class='ocr_line' id='line_1_15' title="bbox 594 1852 1592 1925; baseline -0.003 -18"><span class='ocrx_word' id='word_1_74' title='bbox 594 1854 698 1908; x_wconf 86' lang='lat' dir='ltr'><strong>ista</strong></span> <span class='ocrx_word' id='word_1_75' title='bbox 728 1858 953 1907; x_wconf 82' lang='lat' dir='ltr'><strong>uexatus</strong></span> <span class='ocrx_word' id='word_1_76' title='bbox 984 1858 1138 1925; x_wconf 81' lang='lat' dir='ltr'><strong>peste</strong></span> <span class='ocrx_word' id='word_1_77' title='bbox 1169 1852 1360 1906; x_wconf 87' lang='lat' dir='ltr'><strong>timere</strong></span> <span class='ocrx_word' id='word_1_78' title='bbox 1391 1858 1592 1923; x_wconf 85' lang='lat' dir='ltr'><strong>potest.</strong></span> 
     </span>
     <span class='ocr_line' id='line_1_16' title="bbox 509 1952 1606 2026; baseline -0.003 -17"><span class='ocrx_word' id='word_1_79' title='bbox 509 1954 726 2026; x_wconf 83' lang='lat' dir='ltr'><strong>Exiguis</strong></span> <span class='ocrx_word' id='word_1_80' title='bbox 758 1952 920 2008; x_wconf 87' lang='lat' dir='ltr'><strong>rebus</strong></span> <span class='ocrx_word' id='word_1_81' title='bbox 953 1953 1204 2025; x_wconf 87' lang='lat' dir='ltr'><strong>indignus</strong></span> <span class='ocrx_word' id='word_1_82' title='bbox 1235 1952 1403 2007; x_wconf 83' lang='lat' dir='ltr'><strong>ardua</strong></span> <span class='ocrx_word' id='word_1_83' title='bbox 1436 1952 1606 2007; x_wconf 90' lang='lat' dir='ltr'><strong>tendit</strong></span> 
     </span>
     <span class='ocr_line' id='line_1_17' title="bbox 594 2053 1811 2127; baseline -0.001 -18"><span class='ocrx_word' id='word_1_84' title='bbox 594 2056 800 2116; x_wconf 81' lang='lat' dir='ltr'><strong>Danus,</strong></span> <span class='ocrx_word' id='word_1_85' title='bbox 832 2053 1147 2109; x_wconf 84' lang='lat' dir='ltr'><strong>muneribus</strong></span> <span class='ocrx_word' id='word_1_86' title='bbox 1179 2061 1368 2110; x_wconf 79' lang='lat' dir='ltr'><strong>cuneta</strong></span> <span class='ocrx_word' id='word_1_87' title='bbox 1400 2053 1566 2110; x_wconf 85' lang='lat' dir='ltr'><strong>licere</strong></span> <span class='ocrx_word' id='word_1_88' title='bbox 1596 2062 1811 2127; x_wconf 68' lang='lat' dir='ltr'><strong>putans</strong></span> 
     </span>
     <span class='ocr_line' id='line_1_18' title="bbox 513 2155 1818 2230; baseline -0.001 -19"><span class='ocrx_word' id='word_1_89' title='bbox 513 2156 779 2218; x_wconf 86' lang='lat' dir='ltr'><strong>Testudo,</strong></span> <span class='ocrx_word' id='word_1_90' title='bbox 812 2158 1036 2230; x_wconf 82' lang='lat' dir='ltr'><strong>cupiens</strong></span> <span class='ocrx_word' id='word_1_91' title='bbox 1068 2155 1199 2211; x_wconf 80' lang='lat' dir='ltr'><strong>ferri</strong></span> <span class='ocrx_word' id='word_1_92' title='bbox 1229 2173 1329 2230; x_wconf 93' lang='lat' dir='ltr'><strong>per</strong></span> <span class='ocrx_word' id='word_1_93' title='bbox 1358 2158 1543 2219; x_wconf 82' lang='lat' dir='ltr'><strong>inane,</strong></span> <span class='ocrx_word' id='word_1_94' title='bbox 1576 2156 1818 2212; x_wconf 86' lang='lat' dir='ltr'><strong>dolorem</strong></span> 
     </span>
     <span class='ocr_line' id='line_1_19' title="bbox 598 2258 1695 2333; baseline 0.001 -20"><span class='ocrx_word' id='word_1_95' title='bbox 598 2260 843 2333; x_wconf 85' lang='lat' dir='ltr'><strong>exponit,</strong></span> <span class='ocrx_word' id='word_1_96' title='bbox 875 2258 1061 2314; x_wconf 89' lang='lat' dir='ltr'><strong>uerbis</strong></span> <span class='ocrx_word' id='word_1_97' title='bbox 1092 2258 1291 2314; x_wconf 81' lang='lat' dir='ltr'><strong>talibus</strong></span> <span class='ocrx_word' id='word_1_98' title='bbox 1325 2276 1477 2321; x_wconf 84' lang='lat' dir='ltr'><strong>orsa,</strong></span> <span class='ocrx_word' id='word_1_99' title='bbox 1512 2276 1695 2314; x_wconf 90' lang='lat' dir='ltr'><strong>suum:</strong></span> 
     </span>
     <span class='ocr_line' id='line_1_20' title="bbox 512 2360 1650 2417; baseline 0.001 -1"><span class='ocrx_word' id='word_1_100' title='bbox 512 2360 797 2417; x_wconf 75' lang='lat' dir='ltr'><strong>‘Inuidisse</strong></span> <span class='ocrx_word' id='word_1_101' title='bbox 826 2363 952 2417; x_wconf 89' lang='lat' dir='ltr'><strong>mihi</strong></span> <span class='ocrx_word' id='word_1_102' title='bbox 985 2369 1232 2417; x_wconf 81' lang='lat' dir='ltr'><strong>naturam</strong></span> <span class='ocrx_word' id='word_1_103' title='bbox 1266 2363 1470 2416; x_wconf 83' lang='lat' dir='ltr'><strong>sentio:</strong></span> <span class='ocrx_word' id='word_1_104' title='bbox 1504 2363 1650 2417; x_wconf 90' lang='lat' dir='ltr'><strong>uires</strong></span> 
     </span>
    </p>
   </div>
   <div class='ocr_carea' id='block_1_8' title="bbox 598 2462 2109 2537">
    <p class='ocr_par' dir='ltr' id='par_1_10' title="bbox 598 2423 2109 2537">
     <span class='ocr_line' id='line_1_21' title="bbox 598 2462 2109 2537; baseline 0 -19"><span class='ocrx_word' id='word_1_105' title='bbox 598 2464 820 2525; x_wconf 90' lang='lat' dir='ltr'><strong>desunt,</strong></span> <span class='ocrx_word' id='word_1_106' title='bbox 852 2463 1000 2519; x_wconf 83' lang='lat' dir='ltr'><strong>nulla</strong></span> <span class='ocrx_word' id='word_1_107' title='bbox 1031 2464 1191 2535; x_wconf 78' lang='lat' dir='ltr'><strong>fugae</strong></span> <span class='ocrx_word' id='word_1_108' title='bbox 1225 2479 1350 2536; x_wconf 88' lang='lat' dir='ltr'><strong>spes</strong></span> <span class='ocrx_word' id='word_1_109' title='bbox 1382 2463 1558 2519; x_wconf 83' lang='lat' dir='ltr'><strong>datur.</strong></span> <span class='ocrx_word' id='word_1_110' title='bbox 1621 2462 1726 2525; x_wconf 82' lang='lat' dir='ltr'><strong>Ha,</strong></span> <span class='ocrx_word' id='word_1_111' title='bbox 1760 2465 1887 2537; x_wconf 88' lang='lat' dir='ltr'><strong>quid</strong></span> <span class='ocrx_word' id='word_1_112' title='bbox 1919 2466 2109 2536; x_wconf 80' lang='lat' dir='ltr'><strong>agam?</strong></span> 
     </span>
    </p>
   </div>
   <div class='ocr_carea' id='block_1_9' title="bbox 514 2564 1922 2741">
    <p class='ocr_par' dir='ltr' id='par_1_11' title="bbox 514 2564 1922 2741">
     <span class='ocr_line' id='line_1_22' title="bbox 514 2564 1922 2640; baseline 0 -20"><span class='ocrx_word' id='word_1_113' title='bbox 514 2564 570 2620; x_wconf 91' lang='lat' dir='ltr'><strong>Si</strong></span> <span class='ocrx_word' id='word_1_114' title='bbox 599 2565 740 2621; x_wconf 84' lang='lat' dir='ltr'><strong>lateo</strong></span> <span class='ocrx_word' id='word_1_115' title='bbox 764 2607 776 2626; x_wconf 92' lang='lat'>‚</span> <span class='ocrx_word' id='word_1_116' title='bbox 808 2564 1045 2621; x_wconf 82' lang='lat' dir='ltr'><strong>latebras</strong></span> <span class='ocrx_word' id='word_1_117' title='bbox 1076 2566 1386 2621; x_wconf 82' lang='lat' dir='ltr'><strong>manifestat</strong></span> <span class='ocrx_word' id='word_1_118' title='bbox 1416 2567 1607 2621; x_wconf 82' lang='lat' dir='ltr'><strong>semita</strong></span> <span class='ocrx_word' id='word_1_119' title='bbox 1639 2566 1922 2640; x_wconf 73' lang='lat' dir='ltr'><strong>squalens:</strong></span> 
     </span>
     <span class='ocr_line' id='line_1_23' title="bbox 601 2668 1795 2741; baseline 0.002 -20"><span class='ocrx_word' id='word_1_120' title='bbox 601 2668 646 2721; x_wconf 91' lang='lat' dir='ltr'><strong>si</strong></span> <span class='ocrx_word' id='word_1_121' title='bbox 676 2683 936 2727; x_wconf 85' lang='lat' dir='ltr'><strong>moneor,</strong></span> <span class='ocrx_word' id='word_1_122' title='bbox 968 2675 1150 2723; x_wconf 89' lang='lat' dir='ltr'><strong>motus</strong></span> <span class='ocrx_word' id='word_1_123' title='bbox 1183 2670 1406 2740; x_wconf 78' lang='lat' dir='ltr'><strong>segnior</strong></span> <span class='ocrx_word' id='word_1_124' title='bbox 1437 2684 1558 2723; x_wconf 86' lang='lat' dir='ltr'><strong>esse</strong></span> <span class='ocrx_word' id='word_1_125' title='bbox 1590 2670 1795 2741; x_wconf 84' lang='lat' dir='ltr'><strong>nequit.</strong></span> 
     </span>
    </p>
   </div>
   <div class='ocr_carea' id='block_1_10' title="bbox 514 2755 2042 2841">
    <p class='ocr_par' dir='ltr' id='par_1_12' title="bbox 514 2755 2042 2841">
     <span class='ocr_line' id='line_1_24' title="bbox 514 2755 2042 2841; baseline 0.001 -19"><span class='ocrx_word' id='word_1_126' title='bbox 514 2767 618 2823; x_wconf 85' lang='lat' dir='ltr'><strong>Pro</strong></span> <span class='ocrx_word' id='word_1_127' title='bbox 652 2767 840 2841; x_wconf 79' lang='lat' dir='ltr'><strong>clypeo</strong></span> <span class='ocrx_word' id='word_1_128' title='bbox 873 2776 1067 2825; x_wconf 83' lang='lat' dir='ltr'><strong>testam</strong></span> <span class='ocrx_word' id='word_1_129' title='bbox 1098 2768 1345 2841; x_wconf 77' lang='lat' dir='ltr'><strong>fragilem</strong></span> <span class='ocrx_word' id='word_1_130' title='bbox 1378 2786 1509 2841; x_wconf 86' lang='lat' dir='ltr'><strong>gero</strong></span> <span class='ocrx_word' id='word_1_131' title='bbox 1529 2812 1541 2832; x_wconf 92' lang='lat'>‚</span> <span class='ocrx_word' id='word_1_132' title='bbox 1575 2769 1777 2826; x_wconf 81' lang='lat' dir='ltr'><strong>lumina</strong></span> <span class='ocrx_word' id='word_1_133' title='bbox 1808 2755 2042 2833; x_wconf 66' lang='lat' dir='ltr'><strong>desunt;¹</strong></span> 
     </span>
    </p>
   </div>
   <div class='ocr_carea' id='block_1_11' title="bbox 601 2870 1814 2945">
    <p class='ocr_par' dir='ltr' id='par_1_13' title="bbox 601 2870 1814 2945">
     <span class='ocr_line' id='line_1_25' title="bbox 601 2870 1814 2945; baseline 0.002 -20"><span class='ocrx_word' id='word_1_134' title='bbox 601 2871 773 2925; x_wconf 88' lang='lat' dir='ltr'><strong>tutior</strong></span> <span class='ocrx_word' id='word_1_135' title='bbox 801 2870 932 2925; x_wconf 86' lang='lat' dir='ltr'><strong>haut</strong></span> <span class='ocrx_word' id='word_1_136' title='bbox 960 2888 1187 2945; x_wconf 88' lang='lat' dir='ltr'><strong>possum</strong></span> <span class='ocrx_word' id='word_1_137' title='bbox 1218 2871 1477 2927; x_wconf 83' lang='lat' dir='ltr'><strong>cornibus</strong></span> <span class='ocrx_word' id='word_1_138' title='bbox 1508 2888 1629 2928; x_wconf 92' lang='lat' dir='ltr'><strong>esse</strong></span> <span class='ocrx_word' id='word_1_139' title='bbox 1659 2874 1814 2929; x_wconf 76' lang='lat' dir='ltr'><strong>meis·</strong></span> 
     </span>
    </p>
   </div>
   <div class='ocr_carea' id='block_1_12' title="bbox 653 3136 1206 3206">
    <p class='ocr_par' dir='ltr' id='par_1_14' title="bbox 653 3136 1206 3206">
     <span class='ocr_line' id='line_1_26' title="bbox 653 3136 1206 3206; baseline 0.004 -18"><span class='ocrx_word' id='word_1_140' title='bbox 653 3136 721 3188; x_wconf 82' lang='lat'><strong>20</strong></span> <span class='ocrx_word' id='word_1_141' title='bbox 757 3153 816 3189; x_wconf 83' lang='lat' dir='ltr'><strong>se</strong></span> <span class='ocrx_word' id='word_1_142' title='bbox 844 3140 1102 3206; x_wconf 20' lang='lat' dir='ltr'><strong>*fugiente</strong></span> <span class='ocrx_word' id='word_1_143' title='bbox 1141 3137 1206 3190; x_wconf 78' lang='lat' dir='ltr'><strong>G.</strong></span> 
     </span>
    </p>
   </div>
   <div class='ocr_carea' id='block_1_13' title="bbox 2163 368 2242 419">
    <p class='ocr_par' dir='ltr' id='par_1_15' title="bbox 2163 368 2242 419">
     <span class='ocr_line' id='line_1_27' title="bbox 2163 368 2242 419; baseline 0 0"><span class='ocrx_word' id='word_1_144' title='bbox 2163 368 2242 419; x_wconf 83' lang='lat'><strong>16</strong></span> 
     </span>
    </p>
   </div>
   <div class='ocr_carea' id='block_1_14' title="bbox 2160 776 2244 826">
    <p class='ocr_par' dir='ltr' id='par_1_16' title="bbox 2160 776 2244 826">
     <span class='ocr_line' id='line_1_28' title="bbox 2160 776 2244 826; baseline 0.012 -1"><span class='ocrx_word' id='word_1_145' title='bbox 2160 776 2244 826; x_wconf 80' lang='lat'><strong>20</strong></span> 
     </span>
    </p>
   </div>
   <div class='ocr_carea' id='block_1_15' title="bbox 2174 2674 2235 2723">
    <p class='ocr_par' dir='ltr' id='par_1_17' title="bbox 2174 2674 2235 2723">
     <span class='ocr_line' id='line_1_29' title="bbox 2174 2674 2235 2723; baseline -0.033 0"><span class='ocrx_word' id='word_1_146' title='bbox 2174 2674 2235 2723; x_wconf 82' lang='lat'><strong>12</strong></span> 
     </span>
    </p>
   </div>
  </div>
 </body>
</html>
