2502 3620
522 153 600 214 14
1270 168 1482 210 AVIANI

516 317 814 394 indignata
846 319 959 377 cito
992 336 1065 376 ne
1096 318 1197 376 flet
1225 317 1483 377 Fortuna
1515 334 1789 386 recursu,

601 416 773 499 atque
806 420 1007 479 eadem
1040 421 1267 479 minuat
1296 437 1445 498 quae
1477 419 1637 478 dedit
1666 426 1799 478 ante
1830 416 2008 496 rota]
2202 426 2235 473 4

519 522 796 600 Corporis
827 522 1080 581 inmensi
1109 522 1298 581 sertur
1327 539 1509 598 pecus
1539 522 1653 580 isse
1683 538 1793 599 per
1826 538 1997 591 auras

602 630 660 682 et
688 640 964 701 magnum
998 622 1275 702 precibus
1306 621 1646 683 sollicitasse
1677 621 1906 682 Iouem:

519 731 686 803 turpe
718 725 891 784 nimis
923 726 1147 784 cunctis
1178 742 1239 792 se
1271 723 1761 803 inridendumque
1792 722 2009 793 uideri,

600 827 860 904 insignes
892 827 1139 904 geminis
1170 824 1450 885 cornibus
1479 826 1567 885 ire
1596 825 1808 895 boueS‚
1963 863 1968 869 -
2200 832 2233 881 8

520 935 579 987 et
615 927 803 988 solum
834 927 992 988 nulla
1022 930 1312 989 munitum
1343 935 1510 1007 parte
1542 927 1828 988 camelum

601 1030 893 1090 obiectum
927 1031 1153 1090 cunctis
1184 1031 1628 1109 expositumque
1660 1029 1816 1097 feris,

516 1131 776 1211 Iuppiter
808 1139 866 1191 at
896 1132 1096 1191 ridens
1124 1140 1435 1212 postquam
1467 1139 1697 1211 sperata
1729 1134 1990 1233 negafflft,

599 1236 839 1313 insuper
871 1235 924 1293 ei
955 1252 1201 1313 magnae
1233 1232 1466 1294 sustulit
1496 1236 1653 1294 auris
1683 1253 1848 1295 onus,
2173 1241 2230 1288 12

517 1338 675 1396 ‘uiue
707 1338 901 1395 minor
931 1338 1172 1406 merito,
1205 1337 1301 1396 oui
1330 1353 1459 1395 sors
1490 1354 1608 1396 non
1636 1337 1874 1396 suffieit'
1905 1337 2123 1415 inquit,

600 1439 682 1497 ‘et
712 1445 807 1498 tua
830 1446 1213 1517 perpetuom,
1246 1437 1454 1508 liuide‚
1489 1438 1701 1498 damna
1731 1441 1946 1516 geme?

1246 1709 1501 1791 VIIII.

515 1880 808 1941 Montibus
838 1882 1053 1958 ignotis
1084 1882 1397 1961 oui-uisque
1428 1884 1489 1940 in
1519 1879 1769 1941 uallibus
1799 1865 1989 1940 artum

599 2001 731 2042 eum
763 1984 920 2043 socio
952 1983 1186 2062 quidam
1219 1981 1572 2062 suscipiebat
1601 1984 1742 2052 iter,

513 2285 675 2334 supra
709 2272 793 2320 lin.
867 2269 898 2320 3
936 2286 1001 2320 ne
1039 2270 1132 2319 flet
1165 2269 1218 2319 F
1249 2270 1333 2334 (de
1365 2271 1490 2335 flatu
1525 2271 1783 2320 Fortunae
1820 2272 2038 2321 aduerso
2075 2274 2230 2337 loqui-

512 2354 635 2417 tur).
696 2371 765 2404 ne
793 2360 901 2404 stet
925 2354 1034 2405 AC.
1107 2355 1415 2421 indignatio
1456 2359 1539 2406 est
1576 2360 1634 2405 et
1669 2357 1888 2406 fortuna
1924 2355 1985 2409 P.
2058 2360 2231 2405 restat

510 2441 755 2490 Fortuna
779 2444 860 2490 uel
881 2445 942 2490 ut
967 2445 1139 2490 restet
1163 2442 1282 2491 libri
1296 2441 1678 2504 Cabeljaniani,·
1702 2441 1849 2490 iidem
1872 2457 1992 2491 mooe
2018 2440 2226 2490 minuit.

513 2526 544 2573 4
572 2541 678 2589 qua
703 2524 766 2578 A.
839 2526 870 2575 5
895 2541 992 2591 per
1016 2525 1178 2576 Afros
1206 2527 1488 2588 Witkofius.
1562 2526 1592 2574 7
1632 2526 1845 2574 cunctis
1882 2542 1941 2575 se
1977 2524 2037 2576 F.
2109 2526 2229 2574 irri-

515 2609 855 2674 dendumque
882 2608 993 2659 AG.
1068 2610 1251 2675 gibbis
1290 2625 1349 2660 se
1387 2610 1777 2675 ridendumque
1819 2610 2226 2676 Canneyieterus.

512 2693 545 2743 9
570 2709 627 2743 se
655 2692 827 2743 solum
854 2694 1176 2758 Gabecjauius
1210 2694 1331 2757 (sed
1356 2701 1433 2745 uel
1461 2698 1518 2744 at
1545 2694 1979 2760 Canneyieterus).
2073 2695 2134 2745 ll
2174 2701 2231 2746 at

515 2780 698 2829 ridens
723 2778 786 2827 F.
871 2779 1118 2829 arridens
1145 2778 1200 2829 C.
1273 2780 1529 2829 adridens
1555 2778 1665 2832 AP.
1742 2779 1803 2828 12
1831 2782 1882 2830 ei
1906 2780 1969 2829 F.
2008 2786 2063 2830 et
2097 2782 2229 2832 libri.

515 2879 812 2914 auresonus
850 2862 910 2913 P.
1016 2862 1075 2914 13
1112 2863 1355 2915 sufficiat
1391 2863 1453 2914 P.
1564 2865 1626 2914 14
1662 2865 1786 2914 dam
1823 2865 1883 2916 P.
1955 2882 2085 2931 gere
2124 2866 2169 2916 G
2199 2885 2230 2916 a

511 2964 613 2998 see.
652 2966 815 2999 manu.

647 3087 814 3135 V1111.
875 3086 1035 3135 XIIII
1070 3086 1169 3134 DE
1207 3085 1496 3136 DVOBVS
1521 3086 1967 3162 wffoRIBVS
1992 3087 2057 3138 A.
2129 3088 2225 3137 DE

513 3170 800 3221 DVOBVS
827 3170 1056 3223 SOCIIS
1082 3169 1176 3220 ΕΤ
1202 3169 1387 3220 VRSA
1413 3170 1470 3220 G.
1533 3171 1556 3220 l
1581 3173 1816 3222 motibus
1835 3172 1896 3222 P.
1956 3173 1988 3221 2
2009 3173 2146 3223 sotio
2166 3172 2225 3223 P.
