2502 3620
1061 149 1283 191 avum
1942 134 2018 194 81

311 304 510 378 ‘quid'
543 306 616 359 ait
663 302 918 359 ‘aestatis
949 311 1192 377 tempore
1222 301 1529 358 faciebas?
1581 303 1650 357 At
1681 301 1769 357 illa
1801 317 2023 374 respon·

310 406 415 461 dit:
449 405 569 479 ‘per
600 421 785 478 saepes
817 404 1130 461 oberrabam
1162 403 1471 461 cantando?
1518 402 1812 459 Subridens
1843 407 2023 476 itaque

312 509 534 564 formica
578 516 631 562 et
672 508 1001 563 frumentum
1042 524 1198 563 suum
1240 521 1510 580 reponens
1541 507 1646 561 ait:
1705 501 1776 560 ‘si
1821 512 2023 561 aestate

309 611 568 671 cantasti,
600 609 775 664 hieme
806 608 957 665 salta.

396 731 467 784 mi
498 730 752 802 quoniam
797 745 1006 785 summo
1032 729 1343 802 ⁴substancia
1374 734 1526 801 parta
1556 726 1742 782 labore
1772 734 1883 789 est,

481 830 776 903 frigoribus
807 830 994 885 mediis
1025 831 1141 886 ocia
1172 829 1336 902 longa
1367 831 1537 886 traho.

397 939 451 988 at
482 932 578 987 tibi
612 933 830 988 saltanti
859 949 1003 987 nunc
1032 932 1219 988 ultima
1254 940 1496 1005 tempora
1528 938 1764 992 restant,

484 1034 732 1090 cantibus
766 1041 848 1090 est
879 1035 1130 1107 quoniam
1161 1035 1275 1090 uita
1305 1041 1521 1107 peracta
1551 1031 1747 1107 prior?

398 1134 654 1209 Quisquis
687 1142 988 1209 tor-pentem
1020 1154 1214 1209 passus
1246 1138 1479 1191 transire
1508 1137 1809 1196 iuuentam,

481 1254 580 1294 nec
610 1237 815 1293 domuit
846 1239 991 1294 uitae
1021 1237 1285 1311 prouidus
1316 1245 1438 1293 ante
1468 1237 1630 1298 mala,

398 1340 680 1395 consectus
712 1341 860 1394 senio
892 1341 1395 1412 postquamgrauis
1426 1339 1578 1395 ass'uit
1608 1347 1786 1401 aetas,

486 1443 588 1498 heu
622 1443 827 1500 frustra
857 1441 1079 1498 alterius
1104 1456 1264 1515 saepe
1293 1440 1508 1513 rogabit
1538 1457 1712 1515 opem.

1020 1637 1311 1703 XXXV.

429 1780 589 1839 Simia
619 1789 833 1856 partum
865 1782 1143 1839 effundens
1162 1783 1433 1856 geminum
1464 1797 1525 1838 ex
1553 1798 1703 1838 more
1734 1799 1832 1838 suo
1865 1782 2028 1837 istum

319 1883 493 1956 diligit
534 1893 588 1939 et
627 1886 769 1940 hunc
803 1885 932 1941 odit.
993 1885 1290 1940 Inminente
1322 1884 1584 1957 siquidem
1616 1892 1871 1940 uenatore
1901 1884 2030 1939 dile-

316 1993 460 2040 ctum
504 1988 557 2041 in
600 1986 741 2042 ulnis
784 1996 838 2042 et
869 2003 1087 2042 exosum
1121 1989 1173 2042 in
1205 1987 1369 2042 dorso
1401 1994 1715 2060 conportat,
1760 1986 1855 2042 sed
1882 1986 2031 2060 pedi-

320 2086 418 2143 bus
449 2087 845 2161 posterioribus
876 2088 965 2143 diu
1009 2105 1231 2145 currere
1270 2107 1378 2146 non
1423 2089 1610 2145 ualens
1640 2089 1857 2161 cogitur
1900 2087 2031 2143 dile-

320 2196 463 2244 ctum
511 2189 913 2264 derelinquere,
958 2189 1023 2245 ad
1066 2193 1148 2246 sui
1190 2193 1363 2265 ipsius
1406 2190 1765 2247 saluacionem
1809 2190 2031 2247 arbores

322 2307 641 2354 ascensura,
684 2300 737 2347 et
779 2292 941 2349 dorso
974 2293 1282 2348 haerentem
1314 2292 1488 2349 saluat
1519 2293 1732 2364 fugiens
1766 2293 2030 2355 odiosum,

320 2396 410 2467 qui
446 2394 654 2449 tandem
685 2403 944 2468 pereunte
975 2395 1168 2451 dilecto
1201 2397 1255 2450 in
1286 2397 1576 2451 amiciciam
1604 2398 1788 2451 matris
1820 2403 1874 2450 et
1903 2412 2032 2451 auo-

323 2512 441 2551 rum
474 2496 728 2552 succedit.

405 2614 491 2671 Sic
523 2615 721 2672 multos
752 2616 998 2689 neglecta
1028 2616 1245 2678 iuuant,
1277 2623 1440 2689 atque
1470 2615 1659 2671 ordine
1691 2632 1852 2671 uerso

490 2733 613 2792 spes
646 2717 871 2774 humiles
901 2736 1094 2775 rursus
1124 2720 1177 2775 in
1208 2717 1431 2775 meliora
1463 2719 1646 2774 refert.

1016 2914 1343 2980 XXXVI.

452 3057 660 3114 Vitulus
692 3060 910 3132 pinguis
940 3066 993 3113 et
1024 3058 1317 3115 indomitus
1344 3058 1540 3114 bouem
1572 3056 1881 3131 increpabat
1909 3075 2036 3112 con-

329 3161 492 3214 tinuis
537 3159 820 3216 laboribus
844 3160 1212 3223 insudantem,
1247 3160 1340 3215 sed
1373 3168 1497 3234 post
1529 3160 1796 3216 modicum
1831 3167 2038 3233 tempo·
