2502 3620
580 171 617 230 2
664 190 669 195 ·
1294 191 1508 233 AVIAM

794 268 823 319 D

539 334 610 394 ad
641 354 887 416 superos
919 336 1081 398 collis
1111 339 1482 420 herbosaque
1511 349 1679 420 prata
1709 361 2024 404 recurrens

624 436 919 498 mulcebat
948 441 1192 502 miseras
1224 442 1456 520 turgida
1489 463 1629 503 rana
1664 445 1844 514 feraS,
2222 456 2256 505 4

539 537 745 599 callida
777 542 932 620 quod
964 550 1161 620 posset
1183 543 1463 621 grauibus
1493 546 1847 608 subcurrere
1878 548 2101 609 morbis

623 648 682 701 et
709 644 889 703 uitam
921 644 1160 722 ingenio
1194 646 1539 708 continuare
1571 668 1693 710 suo.

537 760 648 802 nec
680 762 743 804 se
773 744 991 805 Paeoni
1020 746 1195 806 iactat
1227 750 1470 809 cessisse
1502 754 1807 831 magistrO,

623 847 889 924 quamuis
918 855 1235 926 perpetuos
1267 859 1433 910 curet
1462 853 1522 912 in
1555 854 1698 914 orbe
1730 855 1887 915 deos.
2221 861 2255 911 8

539 952 679 1005 tunc
709 946 900 1027 uolpis
928 949 1219 1027 pecudum
1251 952 1453 1014 ridens
1485 961 1671 1016 astuta
1701 959 1987 1037 quictem,

623 1048 941 1110 uerborum
972 1069 1216 1112 uacuam
1246 1055 1506 1132 prodidit
1536 1076 1661 1117 esse
1691 1058 1895 1119 fidem:

466 1214 469 1217 Α
539 1149 709 1209 ‘haec
742 1150 902 1211 dabit
932 1156 1210 1231 aegrotis'
1241 1156 1446 1239 inquid
1477 1158 2231 1241 ‘medicaminamembriffi

621 1250 835 1330 pallida
868 1255 1172 1317 caeruleus
1203 1260 1298 1318 cui
1328 1267 1492 1321 notat
1520 1280 1621 1322 ora
1653 1261 1890 1323 color?
2189 1271 2255 1320 12

1310 1445 1481 1521 VII.

542 1589 723 1671 [Haut
754 1592 923 1652 facile
955 1601 1043 1654 est
1071 1600 1273 1676 prauis
1301 1602 1564 1662 innatum
1595 1602 1889 1663 mentibus
1920 1611 1984 1667 ut
2014 1622 2076 1662 se

622 1694 966 1755 muneribus
997 1696 1201 1776 dignas
1232 1703 1595 1782 supplicioue
1624 1703 1879 1784 putent]

540 1795 725 1857 Forte·
744 1798 904 1858 canis
934 1800 1237 1879 quoidam,
1274 1806 1445 1867 nullis
1465 1805 1783 1882 *latratibus
1811 1807 2063 1868 horrens

623 1918 732 1959 nec
761 1901 975 1979 patulis
1004 1907 1260 1983 primum
1291 1908 1535 1969 rictibus
1566 1928 1668 1969 ora
1699 1910 1966 1980 trahem,
2221 1918 2255 1966 4

537 2000 735 2062 mollia
766 2002 868 2063 sed
898 2006 1145 2082 pauidae
1176 2009 1525 2072 submittens
1556 2011 1805 2072 uerbera
1836 2011 2083 2082 caudae,

625 2104 890 2163 concitus
921 2110 1125 2170 audaci
1156 2111 1399 2176 uolnera
1432 2113 1607 2174 dente
1640 2113 1831 2174 dabat.

672 2306 705 2358 3
742 2308 899 2359 001115
935 2325 983 2356 u,
1021 2314 1066 2349 e.
1108 2298 1407 2365 Cabeljauii.
1466 2301 1638 2352 calles
1678 2302 2085 2367 Canneyz’eterus.
2156 2317 2257 2366 pra

537 2390 599 2441 P.
669 2391 703 2440 4
737 2392 960 2442 turbida
997 2385 1041 2435 C
1080 2392 1132 2435 et
1165 2387 1284 2437 libri
1320 2387 1686 2451 Cabeljauiant.
1757 2387 1789 2436 5
1827 2402 1930 2452 quo
1976 2387 2096 2436 libri
2127 2390 2257 2436 anti·

539 2480 641 2542 qui.
678 2476 820 2541 quod
844 2459 1148 2526 Pecteaneus.
1253 2474 1283 2522 7
1308 2489 1436 2522 nam
1460 2487 1519 2522 se
1548 2471 1603 2521 C.
1663 2472 1897 2536 paeonio
1922 2472 2054 2522 libri.
2092 2471 2257 2522 Lach-

536 2577 745 2611 mannus
768 2563 825 2611 id
846 2562 1096 2612 eor-rexit.
1167 2558 1200 2608 8
1234 2563 1500 2624 perpetuo
1530 2556 1939 2620 Ganneyieterm.
1985 2561 2169 2606 curret
2191 2555 2251 2605 P.

540 2652 696 2696 curat
735 2646 1057 2710 Cabeljauius
1094 2643 1230 2706 (uide
1266 2641 1356 2703 26,
1397 2641 1498 2703 11).
1568 2640 1600 2690 9
1636 2640 1728 2690 uul
1764 2640 1826 2690 P.
1873 2640 2078 2706 uolpes
2098 2658 2255 2705 para-

534 2732 793 2795 phrastes.
875 2719 1085 2796 arguta'
1109 2729 1172 2779 L.
1246 2728 1311 2778 10
1346 2743 1548 2777 uanam
1582 2725 1684 2791 (uel
1704 2742 1907 2777 uanam
1931 2725 2100 2791 hanc)
2129 2727 2256 2777 Can-

536 2819 839 2882 neyieterus.
910 2815 1150 2900 pserdidit
1183 2813 1244 2863 P.
1316 2813 1555 2863 menbris
1593 2811 1648 2862 C.

684 2920 800 2968 vn.
851 2916 971 2967 ΦΕ
1020 2915 1208 2966 CANE
1259 2914 1325 2967 A.
1410 2914 1434 2963 1
1483 2913 1631 2965 haud
1679 2912 1785 2963 AC.
1882 2915 1913 2962 2
1960 2913 2256 2963 uerberibu

548 3005 817 3068 Withofius
863 3002 1046 3066 (malim
1089 3000 1407 3050 uolneribus
1447 3035 1459 3047 .
1488 3035 1501 3048 .
1531 3034 1543 3047 .
1574 3034 1587 3047 .
1627 2998 2032 3063 supplicioque,
2080 3003 2134 3045 at
2181 3000 2252 3045 in-

537 3095 824 3154 terpolator
866 3103 1066 3138 uersum
1110 3084 1174 3135 16
1218 3101 1319 3136 non
1363 3081 1737 3156 intelleoeerq).
1810 3082 2154 3147 supplicione
2191 3080 2251 3131 P.

537 3172 569 3224 3
607 3174 873 3239 quondam
910 3173 1044 3223 libri.
1115 3171 1466 3222 Lae-lemannus
1499 3167 1798 3217 emendauit.
1935 3167 1968 3215 4
2012 3166 2256 3216 rectibus

521 3423 539 3454 ἲ
