2502 3620
952 166 1231 207 FABVLAE
1865 150 1945 209 45

228 324 405 379 ‘uana
436 317 713 379 laboratis
745 317 909 377 auser
939 316 1243 377 mendacia
1275 316 1472 386 dietis,

311 439 576 501 quaeque
608 419 851 479 refutari
880 425 938 481 te
969 437 1201 498 quoque
1234 424 1382 478 teste
1413 425 1648 497 queant.
1915 423 1947 474 8

223 542 361 583 nam
394 520 523 602 quis
551 524 626 582 sit
652 523 874 602 potior,
906 519 1123 600 populo
1153 527 1455 599 spectante
1483 519 1775 598 probabo,

311 626 361 684 si
389 626 610 704 pariter
641 633 841 703 captos
869 622 1109 683 humida
1139 621 1259 682 {Ina
1292 623 1541 682 trahant.

222 735 366 787 tune
396 746 490 787 me
524 726 775 787 nobilior
805 744 1018 804 magno
1050 723 1410 784 mercabitur
1443 731 1703 803 emptor,

242 868 251 878 -
310 836 368 889 te
400 828 571 888 simul
603 847 738 890 aere
769 828 939 888 breui
970 825 1162 887 debile
1193 826 1403 904 uolgus
1434 828 1635 886 emet.'
1879 833 1944 883 12

845 1014 1329 1091 XXXVIIII.

223 1170 482 1229 Vouerat
512 1169 758 1230 adtritus
788 1171 1082 1250 quondam
1112 1190 1220 1250 per
1250 1169 1475 1249 praelia
1505 1166 1674 1228 miles

313 1273 507 1332 omnia
539 1271 856 1351 subpositis
884 1272 1120 1351 ignibus
1151 1291 1313 1332 arma
1346 1272 1487 1330 dare
1507 1319 1520 1340 ,

223 1374 323 1434 uel
354 1393 502 1453 quae
532 1375 744 1434 uictori
776 1377 1035 1435 moriens
1065 1374 1177 1433 sibi
1207 1373 1378 1434 turba
1410 1371 1693 1441 dedisset,

317 1475 413 1535 uel
443 1476 720 1555 quiequid
750 1477 1003 1556 profugo
1033 1483 1233 1556 posset
1263 1475 1334 1535 ab
1355 1475 1534 1535 hoste
1566 1475 1713 1553 capi.
1913 1480 1947 1529 4

222 1579 636 1639 ἰηῑθΐεθυοῑίε
668 1578 790 1638 sors
821 1579 1032 1649 adfuit,
1066 1587 1124 1639 et
1153 1596 1383 1639 memor
1414 1595 1576 1636 arma

312 1687 592 1758 coeperat
621 1680 873 1740 adcenso
904 1679 1129 1758 singula
1161 1680 1319 1740 ferre
1351 1697 1515 1757 rogo.

226 1790 370 1842 tune
402 1781 576 1843 lituus
608 1800 785 1844 rauco
819 1782 1137 1843 deflectens
1167 1800 1474 1843 murmure
1505 1779 1737 1860 eulpam

313 1887 651 1944 inmeritum
683 1887 744 1947 in
776 1886 1028 1946 flammis
1058 1903 1121 1945 se
1153 1884 1325 1945 docet
1356 1902 1483 1944 esse
1512 1903 1712 1962 pyrae.
1915 1888 1948 1939 8

216 1985 413 2063 “nulla
444 1990 597 2046 tuos'
628 1988 832 2067 inquid
864 1989 1187 2068 ‘petierunt
1213 1985 1332 2048 tela
1362 1986 1643 2056 lacertoS,

313 2087 539 2148 uiribus
570 2088 843 2150 adfirmes
873 2108 1021 2169 quae
1051 2097 1248 2149 tamen
1281 2097 1407 2149 aeta
1439 2089 1615 2148 meis:

226 2361 350 2398 eum
395 2345 609 2410 probris
667 2345 949 2409 W'ichofiaS.
1021 2343 1185 2394 salsis
1222 2343 1286 2393 L.
1370 2344 1400 2392 7
1436 2343 1562 2393 Una
1598 2341 1659 2391 P.
1731 2342 1950 2391 menda-

223 2431 311 2481 tia
334 2428 397 2478 P.
445 2428 479 2478 8
502 2429 734 2479 refutari
758 2435 817 2479 tu
842 2430 906 2480 A.
964 2428 996 2479 9
1022 2430 1127 2493 erit
1150 2429 1283 2478 libri.
1323 2429 1675 2478 Lac-lemannus
1698 2429 1948 2478 eom-eaeil.

227 2514 292 2564 12
330 2514 521 2579 uolgus
557 2516 943 2580 paraphrastes.
1018 2515 1144 2566 emit
1179 2512 1293 2562 ΑΡ.

342 2601 680 2649 ‘xxxme
752 2597 849 2649 DE
898 2599 1158 2649 MILITE
1202 2597 1400 2647 ARMA
1450 2591 1842 2648 CREMANTE
1880 2597 1946 2648 A.

220 2684 327 2735 DE
365 2683 622 2733 MILITE
661 2684 1052 2734 VETERANO
1091 2683 1146 2733 C.
1239 2683 1266 2732 1
1305 2682 1517 2748 proelia
1553 2682 1666 2734 PK.
1746 2681 1778 2734 3
1815 2683 1949 2732 tuba

222 2769 293 2819 A.
390 2771 420 2819 4
463 2769 531 2818 ab
570 2774 686 2818 oste
724 2768 785 2818 P.
892 2769 1010 2832 rapi
1049 2769 1458 2833 Canneyiecerus.
1564 2767 1596 2817 5
1648 2784 1764 2819 sors
1816 2769 1949 2818 libri.

224 2854 344 2904 fors
390 2853 732 2917 Wopkens-ius
784 2870 835 2919 p.
874 2852 989 2902 247.
1095 2850 1128 2901 6
1178 2853 1306 2917 iugo
1355 2852 1467 2902 KG.
1571 2853 1603 2901 7
1642 2869 1762 2902 esse
1799 2853 1949 2919 prius

221 2939 361 2991 libri.
402 2953 520 2988 esse
568 2939 677 3004 piis
726 2938 1133 3001 Canneyieterus.
1180 2936 1299 3002 ipse
1346 2939 1463 3002 peti
1501 2937 1563 2988 L.
1706 2939 1762 2987 in
1798 2938 1946 2986 flam-

222 3023 331 3074 mis
360 3057 373 3071 .
395 3059 406 3071 .
429 3060 442 3072 .
469 3039 637 3088 pyrae
674 3021 736 3071 F.
806 3020 838 3071 9
874 3021 1026 3071 nulla
1059 3021 1236 3087 inquit
1272 3028 1393 3073 tuos
1417 3022 1485 3072 K.
1563 3023 1625 3072 10
1662 3022 1947 3074 adfirmoes

223 3108 294 3158 A.
367 3123 519 3157 mens
556 3106 618 3156 P.
703 3106 759 3155 11
800 3108 979 3157 uentis
1018 3112 1073 3157 et
1110 3108 1366 3157 cantibus
1404 3109 1521 3158 libri
1557 3105 1674 3172 (sed
1709 3112 1869 3156 tant.
1896 3143 1908 3155 .
1932 3142 1944 3154 .

225 3193 375 3243 entis
411 3191 503 3255 K).
540 3193 682 3242 uotis
722 3194 1062 3257 Cabezjauius.
1099 3194 1262 3243 uanis
1300 3209 1403 3258 ego
1440 3192 1503 3241 L.
1679 3191 1741 3240 12
1777 3194 1949 3240 testor
