2502 3620
540 97 622 158 24
1290 110 1522 151 Av1AN1'

540 270 605 322 ut
635 260 808 321 simul
841 263 1087 321 emissos
1119 259 1315 321 nullus
1346 258 1658 321 diuelleret
1688 278 1886 331 error,

626 382 832 424 rursus
864 370 922 423 et
953 382 985 423 e
1014 369 1185 442 pastu
1215 361 1389 422 turba
1421 362 1643 423 rediret
1674 380 1893 423 amans,
2247 373 2282 421 4

540 467 650 526 hos
680 485 912 546 quoque
943 464 1186 525 conlatis
1216 466 1371 525 inter
1401 483 1463 524 se
1496 463 1774 524 cornibus
1802 464 2011 542 ingens

627 568 838 628 dicitur
869 571 927 626 in
960 567 1120 628 siluis
1149 568 1523 646 pertimuisse
1552 566 1675 637 le0,

492 696 499 702 ·
544 689 676 731 nam
711 676 900 730 metus
929 669 1184 730 oblatam
1218 668 1496 747 prohibet
1526 676 1815 748 temptare
1847 672 2113 748 rapinam
2133 718 2147 740 ,

627 780 684 832 et
716 775 1050 832 coniuratos
1083 772 1289 832 horret
1320 771 1483 830 adire
1515 770 1700 830 boues
1718 819 1742 851 ⁸
2242 780 2282 831 8

496 922 501 929 .
543 882 601 934 et
631 876 898 954 quamuis
929 873 1116 933 audax
1146 874 1394 953 fatisque
1424 874 1715 934 inmanior
1746 880 1928 944 esset,

626 985 922 1038 tantorum
954 975 1111 1036 solus
1140 975 1368 1035 uiribus
1397 973 1568 1054 inpar
1598 983 1743 1036 erat.

543 1058 827 1159 protenus
858 1078 1200 1165 adgreditur
1230 1079 1431 1157 prauis
1461 1080 1733 1139 insistere
1764 1061 1992 1149 uerbis,

628 1181 912 1241 conlisum
946 1184 1188 1261 cupiens
1219 1180 1537 1241 dissociare
1568 1199 1767 1260 pecus
2207 1190 2284 1240 12

544 1285 625 1343 sie
655 1290 963 1363 postquam
998 1283 1166 1343 dictis
1197 1285 1423 1343 animos
1454 1283 1733 1344 disiunxit
1763 1282 2020 1353 acerbiS,

625 1388 840 1446 inuasit
869 1387 1151 1447 miserum
1185 1384 1542 1464 diripuitque
1574 1403 1834 1464 gregem.

542 1496 682 1549 tune
712 1488 948 1569 quidam
984 1507 1053 1548 ex
1084 1487 1197 1548 illis
1229 1489 1434 1547 ‘uitam
1468 1505 1709 1547 seruare
1741 1491 1996 1567 quietam

594 1575 600 1583 ⁸
628 1593 728 1671 qui
759 1591 985 1669 cupiet,
1021 1598 1218 1649 nostra
1251 1588 1482 1648 discere
1513 1598 1703 1673 morte
1734 1597 1957 1670 potest3
2014 1662 2022 1669 ⁸
2207 1598 2286 1649 16

544 1711 693 1752 neue
726 1694 841 1752 cito
875 1691 1137 1752 admotas
1168 1690 1369 1778 uerbis
1400 1690 1703 1752 fallacibus
1734 1710 1906 1752 aures

628 1793 875 1875 in'pleat,
909 1804 973 1854 ut
1004 1801 1265 1855 ueterem
1299 1793 1530 1855 deserat
1560 1794 1697 1855 inde
1727 1795 1948 1855 fidem.’

1228 1947 1558 2023 XVIIII.

544 2086 868 2146 Horrentes
900 2084 1107 2146 dumos
1138 2085 1300 2145 abies
1328 2085 1686 2166 pulcerrima
1717 2087 1874 2158 risit,

630 2206 762 2247 eum
794 2187 1058 2246 facerent
1088 2188 1313 2247 formae
1345 2190 1535 2266 iurgia
1566 2204 1775 2263 magna
1808 2205 1979 2257 suae,

679 2358 711 2409 3
756 2358 1062 2409 deuelleret
1108 2358 1174 2411 A.
1243 2359 1277 2407 4
1323 2374 1494 2409 ouans
1552 2365 1696 2408 uetus
1747 2360 1916 2408 codex
1962 2357 2284 2420 Gabezjauii.

544 2443 577 2494 6
611 2445 941 2510 pertinuisse
968 2443 1029 2494 P.
1111 2446 1305 2495 Versus
1341 2442 1522 2493 7—10.
1564 2441 1763 2493 15—18
1799 2444 2121 2494 Lachmanno
2145 2460 2285 2507 spu-

544 2533 635 2582 rii.
704 2530 734 2579 7
773 2545 899 2579 nam
935 2529 997 2579 F.
1072 2528 1195 2578 dum
1232 2529 1391 2586 libri„
1452 2528 1485 2578 9
1521 2529 1617 2578 sed
1651 2528 1771 2578 libri
1813 2531 1909 2578 mei
1942 2536 1994 2579 et
2032 2528 2283 2590 Cabeb'a—

544 2618 618 2666 uit·
658 2617 845 2666 codex.
920 2612 981 2662 10
1029 2615 1311 2678 inperaret
1346 2614 1409 2664 P.
1502 2613 1560 2663 11
1612 2613 1935 2679 aggreditur
1970 2613 2025 2664 C.
2105 2617 2282 2678 praui

546 2701 606 2751 Ρ.
684 2701 745 2750 12
782 2699 1075 2750 dissotiare
1111 2704 1270 2763 petus
1295 2698 1355 2749 P.
1430 2697 1492 2749 13
1529 2702 1609 2749 sic
1635 2700 1753 2749 libri
1772 2700 1869 2748 mei
1902 2713 2085 2748 omnes.
2146 2699 2280 2748 ani-

544 2801 664 2834 mus
689 2785 987 2834 disiuncxit
1014 2784 1230 2833 aceruis
1256 2783 1317 2834 P.
1373 2785 1639 2850 disiungit
1662 2785 1725 2833 A.
1804 2783 1866 2832 14
1889 2783 2105 2833 inuadit
2128 2782 2275 2835 libri.

547 2871 754 2919 inuasit
789 2872 1028 2920 editores.
1105 2867 1166 2916 15
1191 2873 1321 2918 tune
1347 2868 1455 2918 AC.
1516 2872 1616 2919 tfln
1640 2868 1701 2919 P.
1774 2869 1991 2933 quidem
2016 2868 2084 2920 A.
2146 2871 2274 2932 qui-

549 2954 791 3006 etiamP.
828 2969 1082 3005 seruasse
1109 2938 1697 3019 quietemcabeIJaz'eius.
1773 2953 1837 3004 16
1859 2957 2044 3004 nostra
2061 2953 2125 3002 A.
2201 2953 2275 3003 17

547 3044 689 3092 deest
713 3042 765 3091 in
788 3040 852 3089 A.
916 3039 1161 3089 admotos
1186 3037 1248 3087 P.
1326 3037 1387 3087 18
1414 3044 1508 3089 aut
1531 3039 1640 3089 PC.
1711 3040 1838 3089 inde
1862 3038 1926 3089 F.
1975 3043 2103 3089 ante
2130 3038 2269 3089 libri.

680 3126 897 3175 xva.
980 3125 1079 3173 DE
1139 3120 1411 3173 ABIETE
1460 3124 1553 3175 Ac
1601 3124 1827 3174 DVMIS
1874 3124 1938 3173 A.
2082 3124 2107 3173 l
2169 3123 2273 3173 du-
