2502 3620
480 190 516 250 8
1238 202 1453 244 Avmu

480 363 569 415 ast
598 355 697 415 ubi
728 356 1033 435 promissis
1064 352 1317 433 aquilam
1351 349 1652 411 fallacibus
1681 349 1893 428 inplet,

565 464 804 535 experta
837 463 923 515 est
953 455 1202 516 similem
1234 453 1459 533 perlida
1488 452 1687 531 lingua
1718 453 1925 519 fidem3
2169 457 2203 507 8

482 567 539 619 et
570 559 718 619 male
750 560 1026 619 mercatis
1056 558 1194 616 dum
1225 557 1454 635 quaerit
1485 555 1678 614 sidera
1709 555 1934 633 pinniS‚

565 661 779 720 occidit
808 660 1009 721 infelix
1042 658 1192 720 alitis
1225 674 1418 735 ungue
1450 658 1595 717 sero,

489 770 609 823 tum
640 781 872 842 quoque
904 762 1198 831 sublimiS,
1233 779 1366 821 cum
1396 762 1512 819 iam
1544 767 1905 828 moreretur,
1938 759 1998 817 in
2033 775 2204 817 auras

564 866 877 942 ingemuit:
911 866 1064 924 uotis
1094 864 1240 923 hacc
1274 862 1507 922 licuisse
1538 864 1675 923 suis.
2139 867 2203 915 12

484 965 650 1046 [nam
696 965 857 1025 dedit
899 983 1110 1026 exosae
1155 971 1289 1044 post
1331 963 1477 1024 haec
1522 964 1875 1045 documenta
1921 963 2104 1043 quieti

567 1086 685 1127 non
717 1069 842 1127 sine
875 1086 1151 1146 supremo
1183 1083 1396 1144 magna
1427 1065 1629 1126 labore
1661 1068 1799 1145 peti.

484 1171 569 1229 sic
600 1171 953 1248 quicumque
983 1186 1136 1228 noua
1168 1167 1431 1229 sublatus
1461 1167 1631 1227 laude
1660 1167 1963 1237 tumescit,

569 1271 666 1331 dat
695 1272 906 1331 merito
936 1288 1183 1350 poenaS,
1219 1270 1357 1331 dum
1388 1269 1632 1330 meliora
1663 1268 1872 1349 cupit.]
2142 1275 2208 1326 16

1274 1507 1412 1586 III.

485 1680 672 1739 Curua
706 1685 866 1738 retro
899 1678 1116 1739 cedens
1146 1678 1285 1741 dum
1317 1680 1434 1738 fert
1462 1679 1709 1757 uestigia
1740 1696 1980 1748 cancer,

570 1780 800 1860 hispida
832 1782 1055 1842 saxosis
1085 1789 1250 1860 terga
1282 1780 1519 1842 relaesit
1550 1783 1733 1862 aquis,

485 1884 644 1944 hunc
676 1884 945 1962 genetrix
974 1882 1131 1943 facili
1162 1885 1407 1964 cupiens
1435 1885 1760 1962 procedere
1792 1903 1995 1963 gressu

569 1984 779 2045 talibus
810 1984 1096 2065 adloquiis
1125 1988 1571 2065 praemonuisse
1604 1986 1799 2047 datur:
2173 1993 2208 2042 4

486 2262 742 2323 ceretque
779 2258 888 2309 AC.
944 2257 1345 2324 proficeretque
1391 2257 1445 2309 D
1493 2261 1784 2308 Puteaneus
1830 2256 1967 2322 (uide
2001 2256 2095 2321 21,
2133 2257 2206 2323 8).

484 2343 532 2393 5.
571 2341 604 2392 6
639 2344 993 2394 Lachmannus
1036 2346 1243 2409 spurios
1287 2344 1477 2394 habuit.
1545 2343 1579 2393 9
1614 2344 1701 2393 En
1746 2342 1890 2392 male
1938 2341 2076 2407 (uide
2123 2342 2205 2406 34,

487 2428 573 2491 17)
609 2430 779 2479 eodem
819 2428 1116 2491 Cabeljauti.
1154 2469 1157 2472 .
1190 2428 1373 2479 sidere
1411 2428 1460 2477 A
1504 2445 1536 2478 a
1580 2430 1750 2492 prima
1795 2445 1957 2478 manu.
2028 2428 2209 2494 pinnis

483 2511 548 2564 P.
611 2511 674 2562 10
699 2513 907 2562 decidit
933 2512 1204 2565 Neueletus
1227 2530 1300 2564 ex
1324 2515 1545 2564 editione
1571 2517 1795 2579 antiqua.
1858 2514 2026 2579 ungui
2052 2513 2207 2563 APC.

484 2597 629 2647 ferro
666 2597 728 2649 P.
777 2598 933 2648 ferae
980 2601 1093 2649 eod.
1144 2599 1450 2663 Cabeljauii.
1538 2597 1594 2647 11
1634 2598 1896 2649 sublimes
1932 2598 1982 2648 P
2024 2598 2069 2648 G
2097 2615 2210 2664 sup.

486 2682 572 2731 lin.
610 2680 681 2731 D.
759 2683 817 2731 in
856 2683 1005 2732 auris
1042 2684 1197 2734 editio
1222 2684 1450 2736 Bataua.
1527 2684 1586 2736 12
1623 2684 1863 2734 lucuisse
1889 2683 1951 2733 P.
2029 2683 2089 2735 13
2128 2689 2212 2734 at-

487 2782 588 2831 que
629 2768 735 2816 ait:
797 2783 994 2819 exosae
1042 2768 1143 2833 (uel
1179 2769 1394 2833 exosus)
1439 2771 1789 2834 Canneyieter.
1873 2770 2071 2833 quietis
2110 2769 2212 2832 (lit-

486 2858 600 2900 tera
660 2866 686 2900 s
742 2850 888 2917 rasa)
948 2852 1014 2903 A.
1133 2854 1335 2918 quietis
1394 2856 1574 2906 ceteri.
1741 2854 1802 2904 15
1858 2854 2096 2905 sublatis
2145 2854 2208 2906 P.

490 2935 714 2986 tumscit
749 2936 813 2986 P.
1931 2959 1934 2964 ·

617 3038 712 3090 m
749 3039 848 3090 DE
875 3011 1162 3092 cANcno
1191 3039 1256 3089 A.
1295 3040 1395 3090 DE
1519 3041 1645 3090 LVI
1671 3076 1763 3091 .....
1787 3041 1879 3091 ΑΕ
1907 3039 1977 3104 (P)
2003 3039 2209 3090 FILIO

486 3121 565 3173 C..
623 3122 645 3171 l
687 3137 809 3174 cum
856 3124 976 3175 libri
1013 3125 1111 3175 mei
1143 3140 1329 3175 omnes.
1412 3126 1443 3174 2
1479 3125 1661 3175 relisit
1708 3125 1817 3177 AG.
1902 3125 1933 3176 3
1970 3126 2210 3192 genitrix

485 3206 593 3258 AC.
634 3209 986 3278 ‘praeoedere
1012 3225 1201 3276 gresso
1227 3210 1293 3261 A.
1356 3225 1601 3276 gressum
1626 3209 1688 3260 P.
1761 3211 1794 3260 4
1821 3209 2075 3276 alloquiis
2100 3209 2211 3259 AC.
