2502 3620
972 191 1250 232 FABVLAE
1883 175 1962 235 17

239 469 553 549 Ecripiens
584 469 847 546 geminas
878 470 1058 547 ripeis
1087 465 1432 528 cedentibus
1463 464 1606 526 ollas

328 572 549 631 insanis
578 571 802 650 pariter
832 569 1050 630 flumen
1084 562 1295 648 agebat
1324 570 1504 647 aquis

242 671 347 732 sed
382 671 615 741 diuersa
646 671 791 733 duas
823 691 918 732 ars
948 679 1007 731 et
1037 680 1244 732 natura
1278 672 1528 730 creauit:

331 793 467 834 aere
498 777 660 854 prior
692 775 820 835 susa
852 781 969 844 est,
1003 773 1185 833 altera
1218 775 1394 833 fincta
1425 772 1566 832 luto,
1930 781 1964 829 4

242 875 444 954 dispar
476 885 602 937 erat
631 875 826 955 fragili
857 885 915 936 et
945 877 1163 936 solidae
1195 875 1511 936 concordia
1542 881 1763 944 metm,

328 979 739 1060 incertumque
768 998 953 1057 uagus
983 981 1171 1039 amnis
1200 977 1457 1038 habehat
1485 979 1616 1037 iter.

242 1099 320 1139 ne
351 1089 550 1141 tamen
582 1080 787 1141 elisam
820 1082 1223 1160 confringeret
1254 1098 1427 1140 aerea
1460 1087 1720 1150 testam,‘

328 1183 560 1243 iurabat
589 1185 806 1243 sociam
838 1183 1069 1261 longius
1098 1185 1185 1243 ire
1216 1184 1392 1244 uiam.
1931 1188 1964 1238 8

234 1282 343 1357 ‚illa
374 1287 588 1345 timens
619 1303 692 1345 ne
723 1285 862 1366 quid
895 1285 1121 1346 leuibus
1152 1287 1426 1364 grauiora
1459 1291 1769 1353 nocerent,

333 1394 391 1446 et
421 1389 557 1467 quia
588 1385 746 1447 nulla
776 1387 947 1448 breui
979 1396 1067 1449 est
1098 1407 1230 1448 cum
1263 1387 1507 1447 meliore
1538 1388 1709 1457 fides,

243 1491 539 1568 ‘quamuis
570 1508 836 1550 securam
869 1489 1069 1549 uerbis
1098 1510 1192 1550 me
1216 1490 1459 1550 *feceris'
1491 1489 1723 1570 inquid,

329 1593 473 1651 ‘non
503 1593 680 1652 timor
711 1611 781 1653 ex
812 1594 1007 1653 animo
1038 1592 1428 1673 dequtiendus
1460 1594 1600 1652 erit:
1903 1599 1965 1649 12

242 1711 383 1753 nam
414 1713 507 1754 me
538 1695 662 1753 siue
696 1694 828 1764 tihi,
863 1714 966 1755 seu
996 1703 1054 1756 te
1084 1695 1228 1755 mihi
1260 1696 1526 1755 conferat
1556 1693 1738 1764 unda,

330 1816 564 1878 semper
597 1816 699 1858 ero
732 1796 1018 1859 ambobus
1046 1796 1292 1858 subruta
1322 1795 1444 1859 sola
1474 1796 1710 1858 modis?

992 1968 1189 2043 XII.

242 2097 518 2157 Rusticus
546 2097 816 2175 inpresso
847 2097 1084 2159 molitus
1113 2117 1356 2158 uomere
1387 2104 1607 2157 terram

330 2199 711 2260 thensaurum
745 2199 922 2260 sulcis
951 2201 1292 2286 prosiluisse
1321 2200 1501 2261 uidet.

379 2357 471 2405 11.
501 2354 628 2404 InA
647 2356 820 2404 titulus
836 2369 1004 2418 paene
1030 2357 1274 2405 euanidus
1298 2360 1391 2403 est.
1439 2354 1537 2401 DE
1566 2351 1778 2401 OLLIS
1805 2350 1862 2401 C.
1939 2351 1962 2400 l

246 2440 586 2506 exripiensA
604 2458 636 2490 a
652 2441 817 2503 prima
834 2456 997 2490 manu.
1035 2442 1184 2505 ripes
1205 2423 1484 2489 constibus
1509 2437 1620 2486 olla
1646 2437 1706 2486 P.
1777 2436 1809 2487 3
1843 2443 1966 2486 tuos

245 2524 312 2576 P.
380 2526 412 2575 4
448 2527 569 2592 pior
593 2525 656 2576 P.
729 2523 978 2574 fincta‘u.
1016 2542 1061 2574 c.
1091 2507 1392 2586 Cabeljauii.
1462 2524 1510 2572 5.
1549 2521 1582 2571 6
1618 2523 1968 2572 Lac-lemannus

242 2613 466 2661 seclusit.
549 2611 580 2661 5
617 2607 800 2674 disp‘Eir
835 2609 965 2666 libri,
1003 2617 1059 2660 ut
1091 2608 1176 2673 23,
1213 2607 1263 2657 8.
1348 2607 1521 2657 solido
1561 2607 1662 2657 PC.
1735 2613 1884 2656 motu
1920 2608 1966 2670 (s

244 2695 420 2758 erasa)
449 2695 505 2745 C.
604 2695 633 2743 7
673 2711 806 2745 aera
831 2699 977 2744 testa
1002 2693 1063 2743 P.
1133 2691 1166 2741 8
1202 2692 1426 2743 solitam
1463 2693 1595 2742 libri.
1635 2692 1842 2742 sociam
1868 2692 1968 2740 Ne-

244 2783 452 2830 ueletus.
511 2780 574 2829 12
599 2779 868 2830 decuendi
883 2779 944 2829 P.
983 2778 1363 2829 discutiendus
1376 2779 1678 2828 Puteaneus.
1754 2776 1816 2826 13
1844 2792 1968 2826 eon—

245 2869 393 2914 terat
419 2865 756 2928 Cabeljauius.
834 2864 894 2913 14
920 2864 1140 2914 subdita
1169 2863 1291 2914 sola
1315 2863 1474 2913 malis
1498 2863 1616 2913 libri
1649 2861 1856 2926 (subdit
1881 2860 1966 2924 P).
2037 2907 2040 2910 .

251 2949 296 2999 11
331 2952 579 3001 correxit.

381 3036 498 3086 ΧΠ.
568 3036 667 3086 DE
715 3035 1038 3087 INVENTO
1086 3034 1472 3085 THESAVRO
1511 3033 1577 3083 A.
1647 3033 1745 3082 DE
1793 3031 1967 3081 ΤΗΕ-

246 3119 481 3170 SAVRO
509 3119 566 3170 G.
632 3119 667 3170 1
705 3121 927 3172 molitus
964 3123 1390 3173 suomereteram
1419 3118 1478 3168 P.
1549 3119 1581 3168 2
1616 3117 1968 3169 thensaurum

244 3205 312 3269 A,
351 3212 405 3256 ut
438 3207 660 3270 uidetur,
698 3223 731 3256 a
760 3212 928 3272 prima
961 3224 1125 3260 manu.
