2502 3620
976 179 1327 220 PRAEFATIO
1975 175 2017 218 V

259 329 444 407 ·tiqui
485 308 825 389 faliulatoris
869 331 1067 389 manui
1122 329 1340 389 tribuat
1383 328 1539 408 quod
1582 348 1614 388 a
1656 329 1884 390 scribae
1928 350 2038 391 re-.

299 440 485 498 centis
525 440 720 517 potius
777 458 961 518 praua
1021 439 1444 500 consuetudine
1502 440 1833 518 profectum
1895 460 2021 501 esse

299 557 558 629 apparet.
620 549 987 610 Praecedunt
1016 552 1076 609 in
1101 550 1319 611 codicis
1343 549 1496 610 foliis
1521 557 1769 616 57—75
1795 552 2028 613 Aurelii

298 662 614 721 Prudenlii
653 662 959 721 Clementis
1001 668 1204 721 contra
1249 661 1676 739 Symmachum·
1706 661 1844 722 libri
1887 663 2018 733 duo,
2093 728 2098 731 ,

297 778 420 830 tum
452 770 730 850 deinceps
765 771 822 849 (f.
857 771 1124 852 75—'78)
1156 770 1541 849 Anthologiae
1583 775 1841 832 carmina
1872 776 2016 833 tria:

295 882 565 957 ‘Tityron
596 900 671 942 ac
696 889 915 957 seqetes
943 886 1135 942 cecini
1153 883 1333 941 Maro
1354 899 1528 941 arma
1559 885 1871 959 uirumque
1897 887 2018 954 ...'‚

298 1000 355 1051 et
396 1010 604 1052 uersus
645 995 720 1052 de
766 993 996 1054 Oceano
1040 995 1365 1068 (undarum
1406 1000 1601 1054 rector
1632 994 1774 1075 ....)
1829 995 2018 1074 deque

282 1106 567 1178 passione
596 1104 907 1179 Hippolyti
929 1107 1233 1180 martyris.
1296 1105 1581 1164 Auianum
1627 1106 1816 1184 ipsum
1864 1108 2017 1166 exci-

293 1215 464 1292 piunt
505 1214 833 1273 hexametri
870 1213 975 1274 XlI
1020 1217 1096 1274 de
1131 1215 1408 1274 Herculis
1447 1217 1744 1295 laboribus
1785 1223 1842 1275 et
1882 1235 2017 1296 per-

293 1323 596 1402 uulgatum
628 1324 770 1385 illud
803 1343 1040 1385 carmen
1074 1325 1145 1394 de
1179 1324 1592 1403 monosyllabis
1634 1326 1744 1386 ‘est
1772 1337 1829 1386 et
1855 1331 2015 1387 non’.

293 1434 523 1495 Titulus
553 1444 749 1495 autem
781 1455 812 1495 a
844 1434 1062 1495 saeculi
1092 1436 1322 1515 septimi
1356 1436 1570 1496 decimi
1599 1436 1840 1497 librario
1871 1457 2016 1516 quo-

294 1545 427 1606 dam
461 1548 658 1626 inepte
690 1546 976 1606 adiectus:
1011 1546 1197 1606 ‘Festa‘
1220 1547 1471 1606 Laviem'
1495 1549 1791 1622 Fabulae,
1824 1550 2018 1609 editae

291 1661 353 1717 in
403 1661 625 1717 collect.
681 1664 782 1717 vet.
839 1659 1048 1733 epigr?
1099 1659 1268 1717 Petri
1323 1659 1551 1718 Pae‘tlzoez'
1607 1661 2014 1719 recensionem

291 1774 547 1848 spectat,
610 1769 709 1848 qui
754 1785 908 1828 anno
960 1771 1123 1833 1590
1172 1770 1379 1829 Auiani
1419 1768 1660 1830 fabellas
1706 1770 2014 1831 Veteribus

289 1880 411 1939 suis
433 1880 885 1970 Epigi‘agnmatis
912 1881 1242 1940 inserturus
1274 1888 1331 1939 et
1362 1881 1472 1940 hoc
1503 1880 1656 1941 libro
1688 1891 1746 1940 et
1774 1882 2012 1942 Colber-

288 1992 413 2050 tino
448 1994 607 2055 1512
640 2008 780 2050 usus
810 1990 1017 2050 fuerat.
1069 1991 1265 2052 Codex
1296 1990 1350 2051 Ο
1370 1992 1697 2051 Parisiacus
1729 1997 1893 2057 5570
1927 2002 2015 2052 est

293 2100 450 2180 (olim
483 2100 744 2160 eiusdem
792 2100 1048 2161 Colberti
1093 2107 1288 2171 5254,
1333 2101 1544 2161 deinde
1587 2103 1784 2179 regius
1826 2101 2011 2182 4427)

288 2211 774 2272 membranaceus
816 2212 1041 2272 formae
1072 2213 1418 2292 quadratae,
1464 2213 1564 2291 qui
1606 2219 1664 2271 et
1704 2214 1830 2291 ipse
1873 2231 2010 2272 con-

214 2359 217 2362 -
287 2322 545 2401 plurium
571 2330 878 2400 poetarum
903 2322 1144 2382 lacinias
1176 2343 1245 2383 ex
1268 2330 1434 2402 parte
1459 2324 1776 2401 antiquitus
1798 2323 2011 2401 partim

289 2435 607 2493 nouissime
642 2434 890 2512 scriptas
919 2434 1216 2494 in·eadem
1251 2451 1513 2512 conpage
1543 2431 1799 2493 inclusas
1830 2440 2008 2494 tenet.

286 2545 494 2604 Auiani
517 2551 740 2603 textum
770 2540 1220 2624 (sol.53¹’—63⁸)
1249 2543 1364 2603 duo
1389 2542 1614 2603 librarii
1646 2561 1764 2604 non
1797 2562 2010 2621 magno

286 2663 480 2715 tamen
514 2655 796 2734 temporis
826 2656 1139 2714 interstitio
1172 2652 1519 2724 exarabant,
1565 2673 1676 2733 qua
1720 2654 1792 2713 de
1837 2672 2010 2714 causa

285 2767 589 2845 utriusque
622 2783 812 2844 neque
843 2750 1039 2844 operis
1068 2767 1217 2825 ratio
1260 2783 1457 2845 neque
1492 2783 1701 2826 manus
1742 2741 2009 2824 diuersae

287 2874 577 2937 adtentius
620 2875 1167 2937 discriminarentur
1213 2894 1454 2936 necesse
1495 2878 1684 2935 uisum
1720 2882 1824 2936 est.
1895 2875 2007 2934 Eo-

285 3005 418 3046 rum
448 2988 611 3066 prior
654 3005 861 3048 uersus
903 2987 1299 3048 subobscuros
1335 2987 1875 3065 interpretamentis
1906 2984 2008 3044 ali-

285 3109 428 3181 quot
468 3099 826 3180 explanauit‚
884 3118 1030 3180 quae
1074 3102 1168 3160 cui
1218 3098 1389 3159 nobis
1433 3097 1828 3159 emolumento
1872 3096 2003 3165 sint,

284 3201 546 3274 delectus
574 3212 728 3272 infra
760 3219 998 3293 paratus
1029 3211 1199 3271 facile
1231 3210 1530 3271 ostendet:

1604 3317 1702 3361 A„
