2502 3620
566 80 645 138 46
1297 96 1512 136 AVIANI

564 251 652 303 set
680 252 905 304 tantum
939 247 1105 304 uanis
1136 264 1243 322 ego
1275 245 1544 306 cantibus
1575 264 1736 307 arma
1770 251 1963 328 coegi,

648 346 759 406 hoc
791 366 1021 426 quoque
1052 346 1342 408 submisso
1378 345 1579 426 (testor
1609 355 1668 408 at
1696 350 1872 429 astra)
1905 353 2126 413 sonof.
2234 362 2303 410 12

565 446 661 507 ille
694 427 1069 509 resultantem
1105 449 1354 509 flammis
1382 450 1808 528 crepitantibus
1839 452 2059 512 addens

648 552 830 609 ‘nunc
863 557 918 610 te
949 551 1158 611 maior’
1193 552 1273 611 ait
1303 554 1515 630 ‘poena
1548 552 1832 633 dolorque
1863 556 2044 633 rapit:

563 670 696 711 nam
728 649 867 712 licet
897 654 1021 732 ipse
1056 652 1199 730 nihil
1227 655 1417 732 possis
1448 660 1734 733 temptare
1766 660 1876 715 nec
1906 657 2088 726 ausiS,

647 755 877 813 saeuior
906 755 1046 826 hoc,
1080 755 1222 815 alios
1254 756 1408 835 quod
1440 754 1583 816 facis
1615 776 1741 816 esse
1771 757 2006 817 11131οεῖο
2232 766 2298 815 ιϋ

1249 1042 1574 1117 XXXX.

563 1214 878 1275 Distinctus
908 1212 1150 1275 maculis
1181 1222 1240 1274 et
1268 1214 1475 1292 pulcro
1507 1234 1756 1295 corpore
1785 1214 2001 1294 pardus

647 1317 801 1376 inter
831 1315 1163 1377 consimiles
1193 1317 1342 1376 uitat
1369 1317 1518 1377 itare
1549 1317 1730 1386 feraS,

563 1427 622 1477 et
651 1419 784 1497 quia
816 1417 974 1478 nulla
1005 1436 1217 1496 graues
1249 1419 1550 1479 uariat-ent
1580 1426 1745 1496 terga
1775 1417 2001 1484 leones,

644 1527 926 1598 protenus
956 1520 1046 1579 his
1076 1521 1357 1580 miserum
1390 1519 1643 1580 credidit
1673 1539 1799 1579 esse
1831 1537 2031 1597 genus.
2258 1531 2293 1578 4

563 1628 758 1680 cetera
790 1621 1055 1682 sordenti
1087 1621 1413 1700 dampnans
1444 1620 1717 1681 animalia
1748 1620 1909 1681 uoltu

645 1721 805 1781 solus
833 1724 895 1782 in
929 1722 1262 1801 exemplum
1296 1721 1615 1782 nobilitatis
1648 1729 1789 1782 erat.

560 1825 717 1885 hunc
747 1835 952 1904 arguta
985 1845 1140 1886 nono
1173 1815 1750 1904 gaudentem'uolpis
1780 1825 1998 1884 amictu

645 1929 899 2005 conripit
928 1935 987 1987 et
1011 1937 1197 1988 uanas
1226 1925 1514 2006 adprobat
1545 1945 1672 1986 esse
1704 1934 1898 1987 notas:
2253 1935 2287 1984 8

561 2028 758 2088 ‘uade’
791 2030 870 2088 ait
902 2034 987 2089 ‘et
1017 2031 1207 2107 pictae
1239 2030 1486 2090 nimium
1520 2028 1748 2088 confide
1778 2031 2081 2097 iuuentae,

590 2165 593 2166 ν
645 2129 781 2189 dum
815 2131 959 2190 mihi
991 2130 1297 2190 consilium
1331 2132 1592 2209 pulcrius
1624 2149 1751 2190 esse
1782 2148 1934 2190 rear.

561 2407 616 2451 et
652 2403 782 2451 libri.
821 2403 1174 2453 Lachmamms
1207 2404 1455 2453 correxit.
1530 2416 1682 2449 arma
1719 2401 1777 2451 C.
1874 2400 1935 2451 13
1974 2402 2179 2451 aedens
2213 2402 2280 2453 K.

562 2486 623 2534 14
659 2485 764 2536 hoe
811 2490 865 2536 te
904 2485 966 2537 L.
1039 2491 1224 2537 manet
1262 2485 1325 2536 L.
1402 2485 1463 2535 15
1509 2485 1681 2534 nichil
1731 2485 1794 2534 A.
1866 2502 2026 2550 posse
2063 2484 2125 2534 P.
2193 2503 2283 2536 au-

560 2585 649 2618 sus
685 2570 817 2620 libri.
859 2571 1008 2620 ausis
1047 2570 1135 2632 (Ξ
1171 2570 1403 2634 auseris)
1464 2571 1805 2634 PVoplcensius
1835 2588 1957 2634 paq.
1996 2571 2111 2621 248.
2219 2572 2282 2622 16

561 2656 702 2704 facit
739 2654 795 2704 C.
869 2655 1069 2704 malum
1108 2656 1168 2705 P.
1320 2644 1329 2651 ”

693 2757 905 2808 XXXX.
978 2758 1076 2806 DE
1130 2757 1375 2807 PARDO
1430 2758 1526 2807 ET
1579 2757 1817 2806 VVLPE
1866 2757 1928 2805 A.
2002 2760 2033 2806 2
2071 2758 2190 2807 ibat
2223 2759 2279 2809 in

561 2842 645 2891 ira
694 2842 739 2889 A
785 2859 816 2890 α
857 2844 1025 2906 prima
1070 2858 1214 2891 manu
1261 2841 1370 2891 KG.
1422 2842 1542 2891 ibat
1589 2842 1726 2892 mira
1770 2840 1832 2893 P.
1878 2842 1997 2891 ibat
2043 2842 2100 2891 in
2147 2860 2278 2893 arua.

562 2926 611 2974 A
635 2942 770 2976 corr.
799 2926 994 2975 abnuit
1031 2927 1108 2976 ire
1148 2925 1208 2975 L.
1256 2927 1397 2975 uitat
1433 2927 1575 2975 itare
1601 2925 1661 2976 F.
1768 2924 1799 2975 3
1836 2927 1932 2977 sed
1969 2928 2101 2978 libri.
2141 2933 2195 2978 et
2217 2929 2273 2980 F.

562 3009 738 3061 leonis
775 3009 835 3059 P.
888 3012 919 3058 4
957 3010 1190 3061 reddidit
1225 3009 1286 3059 P.
1359 3009 1525 3059 5—12
1561 3012 1740 3059 desunt
1773 3013 1823 3059 z'n
1852 3012 1910 3060 P.
1966 3010 1997 3059 5
2036 3011 2273 3062 clamans

563 3093 626 3143 A.
700 3099 948 3144 temnens
976 3130 989 3143 .
1017 3130 1029 3144 .
1058 3131 1073 3146 .
1111 3093 1260 3144 cultu
1301 3092 1360 3141 L.
1431 3093 1463 3143 9
1498 3093 1708 3159 figurae
1739 3096 2144 3160 CanneyieteruS.
2216 3094 2276 3145 10
