2502 3620
481 191 606 236 VIII
1162 197 1510 238 PRAEFATIO

481 353 597 405 tate
641 348 1061 406 commentario
1108 354 1165 406 et
1207 349 1749 427 interpretamentis
1788 349 2089 417 instruxit,
2139 355 2203 407 ut

477 458 594 516 iam
627 456 771 516 nihil
801 458 973 536 spatii
1013 459 1074 516 in
1119 456 1481 534 marginibus
1524 466 1707 517 uacet.
1770 458 1993 517 Deinde
2037 459 2199 517 Pari-

477 568 696 627 siacum
739 571 901 633 8302
950 567 1224 645 (Colberti
1255 572 1449 637 6260,
1504 570 1731 646 regium
1773 573 1936 634 6456
1980 568 2200 628 saeculi

476 676 681 757 XIIII),
726 677 1037 737 formatum
1079 677 1404 738 identidem
1446 697 1518 739 ex
1548 677 1760 738 libellis
1793 678 1988 739 multis
2021 681 2196 739 uarii-

477 807 589 866 (μω
619 790 805 867 precii
835 790 895 847 in
924 807 1107 849 unum
1140 806 1354 867 corpus
1385 791 1683 868 conpactis
1715 787 1980 848 consului
2014 796 2070 848 et
2102 788 2194 848 lit—

475 907 601 957 tera
638 898 698 957 D
728 900 980 976 signaui,
1026 901 1364 978 utpotesscui
1405 900 1462 957 in
1507 899 1848 959 membrana
1892 903 2007 965 58³
2037 902 2202 959 Petri

475 1010 742 1069 Danielis
787 1008 1071 1086 &Aurelii
1111 1016 1272 1075 1565
1290 1009 1329 1089 ')
1378 1010 1805 1089 autographum
1847 1010 2194 1089 inscriptum

475 1118 706 1197 legitur.
768 1121 976 1179 Auiani
1029 1139 1172 1179 uero
1227 1121 1486 1180 carmina
1541 1121 1590 1179 is
1636 1119 1873 1199 quidem
1920 1139 2036 1180 non
2083 1122 2195 1181 nisi

472 1228 676 1289 XXVII
717 1231 916 1309 priora
970 1222 1426 1309 conprehendit,
1482 1232 1798 1318 quae-ipsa
1846 1249 1941 1291 res
1984 1250 2116 1291 eum
2162 1251 2192 1291 a

475 1341 881 1418 Cannegieteri
925 1341 1300 1402 ‘Colbertino
1332 1343 1542 1401 tertio'
1578 1341 1879 1402 diuersum
1910 1360 2031 1402 non
2064 1361 2193 1402 esse

475 1452 847 1512 manifestare
908 1459 1099 1531 queat.
1190 1454 1544 1512 Paucissima
1587 1459 1812 1511 tantum
1870 1454 2078 1531 repetii
2123 1472 2194 1512 ex

474 1561 673 1621 codice
703 1564 964 1623 Lunensi
994 1562 1245 1641 (seruato
1278 1562 1416 1622 olim
1448 1565 1509 1621 in
1542 1562 1828 1622 coenobio
1862 1564 2051 1633 Lime,
2086 1563 2190 1622 ho-

472 1671 566 1731 die
595 1673 889 1733 Parisiaco
926 1678 1048 1739 844
1089 1673 1279 1752 suppl.
1324 1672 1421 1733 lat.
1469 1692 1603 1733 cum
1644 1675 2028 1752 inscriptione
2061 1675 2194 1734 edie

474 1789 545 1848 11
581 1784 865 1845 Ianuarii
904 1788 1065 1851 1813
1097 1785 1442 1859 Hamburqo
1482 1788 1541 1844 in
1578 1785 2002 1846 Bibliothecam
2045 1787 2192 1845 illa-

468 1895 633 1974 κε’),
668 1903 936 1955 cartaceo
990 1903 1048 1955 et
1086 1894 1320 1956 saeculo
1361 1895 1459 1955 XV
1500 1897 1561 1954 in
1603 1897 1915 1956 Germania
1959 1896 2030 1956 ab
2074 1897 2189 1956 Re-

469 2008 650 2065 naldo
680 2008 993 2081 Ne'qenholl
1029 2005 1181 2085 (uide
1214 2005 1313 2065 fol.
1351 2007 1488 2086 169)
1534 2013 1800 2075 exarato,
1845 2008 2010 2066 cuius
2053 2006 2191 2066 libri

466 2118 757 2194 integram
798 2117 923 2176 sere
975 2118 1302 2195 scripturae
1348 2117 1798 2195 discrepantiam
1842 2118 2191 2178 Fridericus

466 2228 866 2287 Huelsemann
888 2229 957 2288 in
988 2229 1482 2287 commentatione
1515 2247 1617 2287 sua
1661 2226 1759 2286 ‘de
1787 2227 1988 2287 codice
2021 2227 2188 2287 sabu-

468 2336 656 2397 larum
688 2339 894 2398 Auiani
934 2338 1193 2398 Lunensi
1235 2355 1392 2397 nunc
1432 2339 1688 2416 primum
1733 2336 1979 2398 collato'
2027 2338 2186 2416 (Got-

470 2450 663 2526 tingae
705 2449 885 2528 1807)
944 2447 1095 2509 male
1139 2447 1376 2528 quidem
1435 2451 1798 2527 recognitam
1843 2449 1973 2519 sed,
2019 2456 2082 2509 ut
2124 2451 2185 2509 in

466 2577 532 2617 re
574 2557 718 2618 nihil
761 2560 1094 2637 profutura,
1154 2559 1463 2619 commode
1515 2561 1654 2619 satis
1694 2562 2016 2639 proposuit.
2088 2558 2183 2618 In-

466 2669 698 2728 ferioris
740 2667 885 2728 adeo
926 2670 1207 2748 ponderis
1256 2671 1732 2748 auctoritatisque
1784 2671 1896 2730 uisi
1939 2677 2073 2730 sunt
2115 2669 2183 2728 li-

464 2778 558 2838 bri
591 2781 957 2856 CampensiS‚
994 2783 1245 2860 scriptus
1288 2799 1441 2840 anno
1487 2784 1679 2849 1339,
1723 2799 1897 2859 quem
1929 2781 2184 2840 Ioannes

465 2891 721 2964 Adolsus
762 2892 1062 2952 Nodellius
1107 2889 1553 2970 (Amstelodami
1597 2890 1790 2970 1787)
1838 2892 2074 2949 unicum
2117 2892 2176 2949 in

462 2976 739 3081 prbmptu
788 3002 1021 3070 habuit,
1079 3010 1137 3061 et
1187 3004 1496 3062 Palatinus
1547 3001 1617 3060 ab
1671 3002 1888 3061 Isaaco
1931 3003 2176 3062 Nicolao

464 3114 738 3176 Neueleco
769 3119 931 3180 1610
963 3112 1389 3190 Heidelbergae
1421 3118 1730 3172 tractatus:
1776 3118 2023 3192 uterque
2066 3112 2177 3171 sci-
