2502 3620
935 147 1220 190 FABVLAE
1873 138 1953 197 53

914 346 917 349 ,
939 294 1244 360 XXIIII.

238 423 298 473 17
324 417 410 477 Ne
443 416 650 476 credas
681 414 963 495 aliquem,
999 415 1172 477 docet
1201 419 1310 477 ista
1342 416 1622 496 parabola
1652 419 1835 490 sorte,

404 517 671 597 exemplo
702 537 888 578 uacuo
921 517 1166 579 credere
1196 517 1350 579 uelle
1380 519 1505 581 tibi.
1580 566 1594 579 .

230 622 264 655 ’³‘
311 620 432 681 Nec
462 621 652 700 pictae
684 619 1009 701 tabul[a]e,
1044 640 1154 680 nec
1187 622 1320 681 testi
1351 622 1574 683 credito
1605 642 1713 703 per
1743 642 1835 694 se;

403 741 536 782 nam
568 722 853 802 pellectus
884 725 1029 794 eris,
1064 726 1113 784 si
1142 723 1296 784 male
1327 724 1668 786 credideris,

316 824 420 884 Est
448 825 625 885 homo
656 824 903 904 simplex
931 823 1296 905 praecellens
1328 828 1523 887 omnia
1553 826 1753 898 bruta,

400 926 463 985 hi
494 945 627 987 cum
657 928 719 986 in
750 926 949 987 multis
979 930 1097 988 sint
1126 936 1325 989 tamen
1356 938 1490 1009 apta
1520 931 1682 990 iocis.

981 1078 1198 1144 XXV.

230 1206 293 1255 17
320 1198 505 1260 Nemo
536 1200 711 1259 nimis
743 1200 954 1279 cupide
985 1199 1137 1261 male
1168 1219 1265 1262 res
1296 1201 1592 1263 desideret
1619 1201 1795 1275 ullaS,

399 1318 491 1371 ne,
525 1300 663 1361 dum
693 1300 824 1381 plus
855 1304 1066 1382 cupiat,
1098 1302 1309 1382 perdat
1339 1311 1397 1364 et
1426 1305 1539 1365 hoc
1569 1304 1726 1384 quod
1755 1304 1950 1367 habet.

957 1452 1212 1518 XXVI.

229 1574 261 1609 ²³³
281 1580 342 1632 13
367 1573 452 1633 Ne
484 1591 770 1652 properes
799 1571 1029 1635 blandis
1061 1576 1402 1656 cuiusquam
1435 1577 1678 1638 credere
1709 1577 1905 1648 dictis,

440 1674 542 1735 sed
574 1677 622 1734 si
651 1677 770 1736 sint
799 1676 960 1747 fidei,
992 1680 1267 1758 prospice
1296 1680 1425 1759 quis
1455 1682 1697 1741 monuit.

927 1828 1253 1894 XXVIII.
1279 1895 1282 1904 ,

227 1950 259 1985 *
278 1956 339 2006 17
367 1948 562 2009 Tauro
592 1957 729 2010 sunt
759 1949 979 2010 similes
1008 1970 1193 2030 prauo
1225 1952 1578 2032 quicumque
1609 1951 1875 2022 rebelleS,

425 2071 570 2130 quos
594 2071 704 2112 nec
727 2051 911 2112 uerba
935 2061 1164 2131 regunt,
1190 2053 1441 2115 uerbera
1467 2074 1575 2115 nec
1598 2057 1946 2135 reprimunt.

228 2154 260 2189 ³³
347 2152 455 2212 Vix
485 2155 803 2233 castigatur
834 2156 927 2215 cui
957 2157 1163 2216 semita
1193 2165 1355 2217 recta
1386 2165 1664 2235 negatum

440 2254 596 2334 quod
627 2255 780 2317 male
811 2276 978 2319 mens
1010 2257 1241 2329 didicit,
1274 2258 1527 2338 perdere
1558 2277 1678 2319 non
1706 2261 1941 2339 poterit.

363 2478 587 2528 xxnn.
664 2476 744 2526 17.
776 2477 837 2526 18
875 2478 1144 2529 Cortianus
1180 2479 1302 2528 III.
1377 2477 1455 2529 19.
1483 2477 1550 2528 20
1578 2483 1756 2544 prisca
1791 2481 1947 2530 editio

228 2564 474 2614 Neueleto
520 2565 769 2628 inspecta.
852 2562 915 2613 19
951 2563 1224 2629 pellectus
1272 2563 1359 2626 (=
1402 2563 1459 2628 in
1503 2564 1751 2614 fraudem
1796 2565 1950 2615 indu-

229 2647 371 2713 ctus)
409 2648 470 2698 F.
508 2647 724 2714 pelleus
762 2648 1051 2698 Neueletus.
1123 2648 1205 2699 21.
1243 2649 1310 2698 22
1344 2650 1458 2698 cod.
1497 2648 1765 2700 Lunensis.

362 2734 525 2782 XXV.
605 2731 664 2784 V.
723 2731 784 2781 17
820 2734 903 2783 sic
939 2749 1027 2783 res
1064 2736 1308 2784 editores.

362 2818 548 2868 XXVI.
631 2817 687 2868 V.
761 2817 821 2869 13
874 2834 983 2869 non
1030 2823 1215 2868 monet
1273 2819 1378 2869 hoc
1430 2819 1504 2869 bl.
1562 2820 1842 2870 cuiusdam
1897 2836 1944 2870 c.
1999 2827 2010 2840 ⁸

226 2901 415 2952 uerbis
451 2900 521 2953 D.
593 2918 701 2953 non
741 2903 904 2953 citius
939 2903 1158 2954 blandis
1196 2903 1391 2954 fallaci
1427 2904 1633 2954 credito
1669 2904 1853 2954 uerbis
1878 2902 1944 2953 Z.

230 2987 295 3037 14
331 2988 545 3052 respice
583 3004 686 3053 que
724 2986 794 3038 D.
851 2988 980 3053 quid
1014 2992 1236 3039 moneat
1272 2988 1339 3039 Z.

361 3073 602 3123 xxvm.
680 3073 741 3123 17
780 3073 849 3124 ad
884 3075 1030 3125 bona
1068 3075 1268 3139 quique
1307 3073 1545 3125 rebellas
1571 3072 1637 3123 Z.
1709 3070 1777 3123 20
1812 3071 1950 3121 dicit

226 3176 279 3224 p.
318 3158 410 3207 uix
446 3156 514 3207 Z.
