2502 3620
982 171 1331 213 PRAEFATIO
1939 167 1981 212 X
1990 165 2013 209 Ῑ

300 323 522 391 uiscar,
578 318 847 400 inprimss
888 323 1305 400 paraphrastae
1357 323 1474 380 mei
1518 324 1791 401 anonymi
1842 326 2011 399 ‘apo-

298 437 460 507 loqos
496 429 898 512 Auiani'·(Pa)
945 425 1380 492 aestimauerim
1408 434 1537 511 qui,
1581 433 1882 512 hucusque
1922 435 2013 494 in-

301 543 470 613 editi,
517 561 588 603 ex
619 542 821 603 codice
866 545 1003 604 satis
1034 545 1271 623 antiquo
1304 541 1599 622 (nimirum
1641 543 2011 624 interpolato)

300 654 581 732 descripti
621 660 789 713 erant
831 655 1091 733 adeoque
1132 654 1191 713 in
1238 653 1448 714 sabulis
1489 656 1732 714 nimium
1763 653 2014 714 turbatis

299 762 657 842 singularem
714 783 831 824 non
889 783 1204 844 numquam
1255 764 1682 844 interpretandi
1724 767 2011 825 rationem

299 873 599 935 adhibent.
701 875 783 934 De
842 876 1258 954 paraphrastae
1326 877 1508 955 ipsius
1567 854 1696 935 uel’
1729 877 1847 935 uita
1917 874 2012 935 uel

298 992 568 1064 tempore
632 985 776 1045 nihil
835 987 1105 1064 conperI,
1177 988 1290 1045 nisi
1348 985 1503 1066 quod
1566 985 2012 1063 Francogallum

300 1115 435 1156 eum
477 1097 656 1156 fuisse
705 1114 776 1156 ex
816 1095 952 1156 libri
987 1098 1283 1182 scriptura·
1320 1095 1733 1175 latinitatisque
1773 1097 2012 1173 ingenio

299 1204 437 1283 (fab.
471 1210 548 1271 32
582 1208 810 1277 minans
837 1232 924 1258 =
949 1214 1219 1283 menam,
1282 1212 1361 1272 33
1393 1225 1531 1267 auca
1562 1234 1649 1260 =
1676 1209 1785 1281 oie)
1826 1208 2012 1285 suspi-

300 1318 469 1376 ceris,
567 1316 868 1396 Peraeque
928 1336 999 1377 ex
1058 1317 1274 1377 saeculi
1330 1316 1455 1377 XVI
1512 1319 1681 1376 initio
1745 1318 2018 1377 Guilelmz‘

296 1427 634 1487 Hermanm'
671 1428 963 1498 Goudaui,
1010 1429 1067 1488 S.
1112 1429 1417 1506 Augustini
1460 1427 1682 1488 ordinis
1728 1429 2011 1497 canonici,

299 1544 357 1596 et
388 1536 696 1598 Hadriani
726 1539 1036 1599 Barlandz'
1073 1538 1422 1617 professoris
1464 1538 1846 1598 Louaniensis
1892 1555 2011 1599 ποε-

299 1627 665 1728 ῥαφράσεις
721 1650 1008 1709 curiosius
1067 1650 1540 1708 examinarentur
1587 1667 1657 1708 ex
1699 1668 1764 1708 re
1821 1651 2013 1708 uisum

298 1763 415 1828 est,
461 1777 706 1838 quorum
752 1759 848 1819 hic
889 1765 1163 1838 quattuor
1206 1757 1431 1818 fabulas
1477 1760 1597 1834 (13.
1649 1763 1756 1825 16.·
1779 1763 1878 1823 20.
1912 1760 2012 1836 34)

297 1869 825 1947 interpretabatur,
871 1854 970 1942 ille
1012 1887 1218 1929 omnes
1277 1869 1401 1928 sere
1451 1872 1680 1929 omissis
1739 1877 2012 1948 quattuor

297 1999 445 2058 quas
507 1999 577 2039 ex
634 1986 801 2058 parte
861 1998 978 2039 non
1036 1978 1402 2039 intellexerat
1448 1978 1565 2053 (23.
1612 1984 1711 2046 39.
1758 1986 1857 2044 41.
1894 1982 2011 2055 42),

297 2089 484 2149 soluta
544 2092 807 2150 oratione
867 2088 1168 2150 reddebat.
1259 2090 1532 2150 Consulto
1578 2099 1773 2151 tamen
1815 2092 2012 2150 nouis-

299 2202 480 2259 simos
513 2200 797 2260 eiusmodi
827 2202 1146 2279 scriptores
1176 2200 1314 2260 huic
1361 2219 1467 2278 ego
1507 2200 1658 2261 libro
1691 2202 2012 2279 adimigere

296 2310 483 2379 nolui,
532 2317 589 2370 et
624 2312 765 2389 'quia
807 2318 940 2389 post
971 2311 1286 2371 editionem
1330 2313 1660 2390 principem
1705 2313 2011 2387 (Arqenlo-

292 2424 419 2481 rati
445 2425 507 2481 in
537 2422 781 2481 aedibus
798 2422 1231 2495 SchurerianiS,
1262 2439 1456 2481 mense
1477 2423 1788 2482 Decembre·
1808 2421 2014 2482 MDXV

295 2537 370 2595 4ο
415 2531 738 2612 excussam)
799 2534 1029 2592 sexiens
1073 2532 1351 2611 deinceps
1391 2504 1674 2611 repetitae
1729 2541 1891 2601 sunt,
1954 2541 2012 2594 et

294 2642 449 2721 quod
494 2660 626 2702 meo
679 2641 964 2702 arbitratu
1000 2644 1275 2702 ‘homines
1314 2641 1397 2702 illi
1441 2643 1596 2703 docti
1635 2642 2009 2703 membrana-

296 2769 425 2811 rum
473 2769 584 2829 ope
627 2753 740 2811 iam
784 2754 874 2812 usi
916 2770 1033 2811 non
1078 2758 1263 2813 erant.
1347 2755 1592 2815 Erasmz'
1629 2755 2016 2815 Bolerodamz‘

220 2917 225 2928 ,
298 2860 441 2920 duas
481 2863 841 2922 imitationes
886 2861 1230 2941 (carminum
1258 2868 1343 2928 29
1373 2872 1433 2924 et
1463 2866 1561 2945 40)
1607 2885 1674 2925 ea
1717 2840 1788 2925 de
1837 2884 2009 2925 causa

297 2975 604 3049 segregaui
652 2973 807 3052 quod
850 2975 910 3033 in
955 2951 1312 3034 Chiliadibus
1354 2976 1539 3034 cuiuis
1578 2982 1810 3054 praesto
1854 2981 2007 3034 sunt.

294 3081 664 3143 Postremum
719 3102 864 3143 uero
918 3084 978 3144 iu
1035 3083 1247 3144 fabulis
1290 3104 1322 3145 a
1365 3087 1714 3146 Sebastiano
1754 3086 2009 3145 Brantio

296 3193 599 3268 (Basileae
635 3199 792 3260 1501
831 3199 1041 3276 ‘opem
1085 3198 1136 3261 et
1182 3194 1445 3278 impetita
1477 3193 1748 3278 magistri
1782 3193 2006 3274 &neubi
