2502 3620
515 140 593 200 82
1222 142 1511 191 'Aponom

518 308 593 362 ris
640 306 773 362 uidit
814 306 913 360 bos
936 305 1093 383 nillum
1127 305 1357 360 uitulum
1389 305 1599 359 uittatis
1642 303 1898 359 cornibus
1929 311 1982 358 et
2012 303 2239 374 ligatum

519 410 689 465 sacris
722 409 904 482 inponi
937 407 1197 463 altaribus
1230 406 1611 477 iugulandum,
1646 413 1699 460 et
1730 407 1830 462 ait:

603 527 754 583 ‘ecce
785 527 882 583 tibi
916 527 1088 582 tristis
1120 526 1265 582 dedit
1296 525 1636 597 indulgencia
1665 532 1922 586 mortem,

687 639 957 703 expertem
989 630 1164 684 nostri
1198 644 1338 701 quae
1368 626 1511 682 dedit
1543 642 1662 682 esse
1692 628 1824 697 iugi.

600 730 851 786 Proderit
883 746 1015 802 ergo
1048 745 1269 802 grauem
1301 731 1485 803 potius
1518 729 1746 785 sufferre
1775 727 2045 790 laborem,

687 835 803 894 ocia
835 848 996 905 quam
1029 840 1275 889 tenerum
1307 848 1428 887 mox
1458 833 1698 905 peritura
1733 828 1927 905 sequi.'

1194 1078 1558 1144 XXXVII.

642 1240 902 1313 Pinguior
941 1241 1202 1295 exhausto
1248 1247 1349 1295 etc.
1411 1238 1538 1293 Vide
1585 1218 1719 1294 lianc
1762 1238 1995 1295 fabulam
2042 1242 2097 1295 in
2140 1212 2243 1294 Ae&

522 1361 688 1416 sopo:
749 1339 850 1396 ‘de
890 1358 1020 1398 cane
1062 1341 1268 1414 guloso
1300 1350 1353 1396 et
1396 1341 1525 1414 lupo
1568 1340 1868 1396 libertatem
1921 1340 2242 1405 laudante';

519 1445 661 1500 unde
691 1453 744 1499 et
774 1446 859 1500 hic
889 1444 1112 1500 dicitur:

605 1565 702 1620 has
733 1564 841 1620 illis
873 1564 1062 1637 epulas
1093 1565 1283 1636 pocius
1315 1562 1532 1618 laudare
1561 1569 1857 1623 memento,

690 1669 783 1740 qui
810 1665 1113 1721 libertatem
1145 1672 1272 1737 post
1302 1680 1535 1738 posuere
1566 1664 1739 1737 gulae.

1176 1912 1580 1977 XXXVIII.

799 2051 1211 2117 [Paraplzrastes
1246 2033 1424 2102 uersus
1459 2053 1649 2101 Auiani
1681 2052 1903 2115 repetiit.
1905 2049 1938 2116 ]

1156 2287 1592 2352 XXXVIIII.

648 2432 796 2488 Miles
841 2434 895 2487 in
951 2433 1334 2492 torneamentis
1388 2432 1607 2486 attritus
1662 2446 1808 2485 arma
1873 2448 1967 2486 sua
2021 2430 2243 2486 tradidit

522 2534 737 2606 ignibus
780 2533 1138 2590 conburenda.
1201 2533 1297 2589 Cui
1328 2533 1497 2588 lituus
1528 2535 1628 2589 ait:
1692 2532 1816 2604 ‘ego
1867 2540 1916 2587 te
1957 2532 2044 2587 uel
2075 2532 2240 2589 alium

522 2652 796 2709 nunquam
827 2636 998 2709 inpuli
1018 2635 1103 2692 uel
1126 2637 1399 2709 percussi;
1432 2651 1597 2708 quare
1622 2636 1787 2707 igitur
1807 2650 1890 2689 me
1920 2634 2178 2691 conburis
2192 2634 2238 2691 ‘2’

522 2739 616 2794 Cui
647 2738 831 2794 miles:

608 2857 627 2888 ‘
646 2864 698 2912 te
727 2857 1133 2930 disceptandum
1163 2857 1392 2913 flammis
1422 2856 1810 2930 crepitantibus
1842 2856 2025 2912 addam

689 2967 742 3014 et
772 2960 993 3031 dignum
1023 2976 1196 3033 poena
1226 2966 1281 3013 te
1311 2961 1563 3032 grauiore
1591 2974 1855 3033 premam;

547 3085 551 3096 «
605 3078 727 3118 nam
757 3062 885 3118 licet
915 3063 1031 3136 ipse
1061 3061 1188 3117 nihil
1222 3062 1402 3133 possis
1435 3068 1699 3134 temptare
1728 3075 1828 3115 nec
1857 3078 2051 3123 ausus,

691 3165 905 3220 saeuior
934 3164 1064 3225 hoc,
1097 3163 1232 3219 alios
1265 3163 1411 3235 quod
1441 3164 1573 3218 sacis
1604 3178 1723 3217 esse
1753 3162 1967 3218 malos?
