2502 3620
1309 78 1315 103 Ι

934 148 941 149 ’
1013 150 1236 192 AVIANI
1653 146 1657 150 ’
1897 136 1975 198 83

816 349 1354 434 ,ΧΧΧΧ(Μ)

386 511 508 566 Vasi
549 510 697 566 luteo
742 510 845 566 soli
886 511 951 567 ad
993 510 1365 567 desiccandam
1420 512 1666 584 exposito
1722 528 1981 586 superue-

257 615 413 668 niens
443 611 614 668 imber
644 614 745 668 ait:
803 611 821 639 ‘
841 613 984 686 quod
1016 614 1112 670 tibi
1145 622 1227 669 est
1258 614 1528 670 nomen?'
1563 614 1978 688 responditque:

258 716 554 789 ‘amphora
612 712 824 771 uocor.'
885 715 977 770 Cui
1037 717 1238 772 imber:
1301 714 1368 773 ‘o
1414 715 1722 789 amphora?
1786 718 1978 790 inquit.

259 814 615 890 ‘cognomine
657 817 975 891 superbiens
1020 827 1072 873 et
1116 819 1321 891 figura,
1365 834 1501 892 quae
1541 827 1789 874 naturam
1834 826 1977 874 tuam

258 923 653 993 recognoscere
695 918 1030 991 dedignariS,
1075 922 1363 994 experieris
1406 922 1655 993 protinus
1697 921 1843 975 uires
1884 938 1981 976 no-

262 1022 446 1079 stras?
518 1021 583 1076 Et
625 1022 806 1077 statim
849 1036 966 1076 eam
1011 1039 1272 1094 aquarum
1325 1021 1652 1078 abundancia
1683 1022 1895 1096 redegit
1924 1024 1980 1078 in

257 1119 452 1180 lutum.

344 1243 484 1299 Haec
512 1250 772 1317 poterunt
802 1245 1031 1299 miseros
1062 1244 1308 1299 homines
1339 1242 1578 1316 exempla
1610 1260 1855 1306 monere,

433 1344 646 1402 subdita
676 1344 946 1400 nobiiihus
977 1351 1038 1399 ut
1070 1363 1165 1400 sua
1197 1345 1307 1401 sata
1339 1352 1572 1418 gemant.

853 1575 1377 1660 ΧΧΧΧΙωω.

388 1737 593 1793 Pardus
637 1738 825 1810 pulcra
868 1734 1111 1792 colorum
1154 1739 1420 1793 uarietate
1452 1736 1771 1810 superbiens
1802 1745 1979 1794 cetera

263 1841 511 1897 animalia
545 1848 797 1914 tanquam
829 1840 1090 1896 deformia
1120 1838 1567 1913 contempnebat.
1629 1839 1724 1895 Cui
1753 1840 1977 1913 uolpes:

347 1960 526 2016 ‘uade'
559 1963 632 2016 ait
664 1960 743 2014 ‘et
774 1961 949 2032 pictae
980 1958 1442 2014 nimiumconfide
1473 1961 1752 2020 iuuentae,

432 2063 556 2117 dum
588 2062 714 2117 mihi
747 2061 1032 2117 consilium
1062 2061 1455 2135 pulcriusesse
1485 2069 1672 2134 queat,

348 2166 709 2237 miremurque
739 2165 910 2236 magis
942 2181 1079 2236 quos
1110 2180 1332 2220 munera
1363 2165 1558 2218 mentis
1589 2163 1881 2225 adornant,

432 2268 721 2344 quamqui
744 2268 1023 2340 corporeis
1055 2266 1297 2320 enituere
1325 2264 1525 2320 bonis?

596 2399 609 2423 Ι

933 2477 1302 2544 XXXXII.

390 2641 568 2697 Aedus
612 2641 949 2713 insequentis
990 2638 1106 2713 lupi
1160 2642 1352 2695 timore
1403 2641 1729 2713 perterritus
1783 2659 1977 2697 cursus

268 2743 551 2801 uelocitate
583 2760 641 2799 se
672 2745 875 2816 recepit
906 2745 957 2797 in
990 2742 1194 2798 urbem.
1257 2743 1350 2798 Cui
1383 2741 1545 2815 lupus
1576 2742 1905 2799 exclamans:

351 2862 369 2890 ‘
388 2879 566 2918 nonne
596 2862 781 2919 uidcs'
814 2863 986 2935 inquit
1016 2861 1249 2919 ‘cunctis
1281 2869 1341 2916 ut
1372 2862 1591 2917 uictima
1622 2862 1835 2935 templis

414 2967 734 3021 ‘inmeritam
765 2964 1029 3038 pecudum
1060 2972 1234 3019 morte
1266 2971 1513 3019 cruentat
1543 2965 1794 3018 humum?

351 3066 493 3140 quod
524 3068 625 3122 nisi
659 3082 848 3122 securo
880 3066 1062 3122 ualeas
1094 3074 1146 3120 te
1177 3065 1397 3121 reddere
1427 3081 1645 3138 campo,

433 3169 537 3223 heu
569 3169 727 3232 mihi,
759 3172 952 3226 uittata
985 3176 1040 3225 tu
1073 3185 1291 3245 quoque
1322 3168 1501 3224 fronte
1524 3163 1724 3224 cades?
1793 3181 1794 3192 ¹
