2502 3620
977 146 1259 229 PABVI2AlE
1680 167 1684 170 ·
1888 131 1966 193 39

250 297 459 357 fixerat
488 297 640 356 hanc
669 294 897 356 uolucri
926 294 1117 373 legem
1148 302 1355 356 natura
1386 296 1701 375 superbae,

343 417 416 457 ne
448 397 619 459 liceat
648 399 868 478 pariter
897 416 1143 458 munera
1173 397 1330 456 ferre
1362 396 1495 457 duo.
1932 407 1965 452 4

251 500 357 559 sed
391 498 689 570 dominuS,
724 500 999 579 cupidum
1031 506 1300 578 spectans
1328 506 1646 560 uanescere
1676 505 1875 558 uotum
1895 546 1909 568 ‚
1957 538 1964 546 ·

344 619 462 660 non
496 600 624 661 [ulit
654 619 858 662 exosas
887 604 948 662 in
980 620 1083 662 sua
1114 599 1278 660 luera
1307 620 1533 670 moras,

255 701 481 780 grande
510 710 671 763 ratus
700 705 965 781 precium
996 702 1253 764 uolucris
1285 703 1355 763 de
1386 711 1576 764 morte
1605 701 1834 762 referre

345 802 491 882 quae
524 812 639 864 tam
671 807 947 865 continuo
978 823 1222 866 munere
1254 805 1417 865 diues
1448 812 1591 866 erat.
1938 811 1970 860 8

256 911 571 984 postquam
603 907 757 967 nuda
789 909 986 968 minax
1017 909 1137 991 egit
1163 925 1271 985 per
1300 908 1527 967 uiscera
1558 907 1780 967 ferrum

347 1013 405 1066 et
433 1025 679 1067 uacuam
711 1008 894 1068 solitis
925 1007 1137 1068 fetibus
1169 1026 1295 1068 esse
1325 1008 1514 1079 uidet,

262 1108 556 1184 ingemuit
585 1115 779 1170 tantae
812 1110 1087 1189 deceptus
1118 1111 1363 1170 erimine
1393 1110 1640 1170 fraudis:

348 1228 483 1269 nam
512 1229 763 1289 poenam
794 1212 1017 1272 meritis
1047 1211 1272 1271 rettulit
1299 1212 1436 1271 inde
1467 1212 1604 1271 suis,
1908 1218 1970 1267 12

260 1313 345 1371 sie
376 1313 475 1392 qui
506 1319 715 1372 cuncta
746 1313 886 1373 deos
915 1330 1032 1373 uno
1063 1311 1213 1372 male
1243 1320 1509 1392 tempore
1538 1319 1815 1393 poscunt,

347 1415 552 1474 iustius
582 1415 674 1474 his
704 1417 879 1476 etiam
910 1422 1042 1476 uota
1077 1414 1284 1474 diurna
1314 1422 1547 1493 negant.

914 1600 1323 1674 XXXIIII.

268 1752 571 1834 [Quisquis
602 1761 933 1834 torpentem
962 1762 1192 1835 passust
1221 1755 1500 1815 transisse
1529 1754 1819 1814 iuventam

353 1874 462 1915 nee
491 1858 683 1916 timuit
713 1858 866 1916 uitae
895 1856 1175 1935 prouidus
1205 1864 1341 1917 ante
1371 1855 1551 1926 mala,

269 1957 571 2017 confectus
601 1946 792 2029 senio,
826 1965 1131 2038 postquam
1164 1960 1360 2043 grauis
1391 1958 1574 2018 adfuit
1605 1965 1786 2026 aetas,

355 2060 471 2119 heu
502 2060 718 2120 frustra
749 2060 987 2122 alterius
1017 2079 1190 2140 saepe
1221 2060 1450 2139 rogabit
1480 2057 1700 2139 opem]
1946 2066 1980 2114 4

270 2299 393 2348 dam
431 2300 698 2349 Lunensis.
803 2300 1017 2364 gemine
1053 2298 1117 2351 Ρ.
1254 2300 1287 2347 2
1332 2313 1541 2362 ouaque
1580 2312 1700 2347 cum
1736 2296 1879 2345 uidis
1916 2294 1980 2345 P.

280 2385 471 2433 Versus
494 2380 644 2433 3—6.
685 2381 769 2434 13.
800 2382 863 2432 14
895 2383 1246 2433 Lachmannus
1279 2384 1500 2432 seclusit.
1568 2382 1600 2430 5
1636 2385 1893 2445 spectans
1916 2379 1979 2429 F.

270 2482 496 2532 sperans
530 2468 660 2517 libri.
700 2468 915 2532 spirans
949 2467 1018 2517 A.
1089 2466 1313 2533 cupidus
1350 2502 1363 2516 .
1392 2503 1404 2516 .
1436 2503 1447 2515 .
1488 2481 1787 2531 augescere
1822 2466 1985 2529 Wop-

270 2550 488 2601 kensius.
576 2552 606 2599 7
644 2551 710 2600 de
747 2568 860 2601 mor
894 2551 958 2606 P.
1026 2551 1260 2601 referret
1294 2551 1357 2600 A.
1478 2549 1511 2600 8
1548 2566 1687 2615 quae
1721 2552 1854 2601 libri.
1895 2549 1984 2614 qui

271 2638 599 2686 recentiores.
692 2635 872 2686 diuers
910 2635 972 2685 P.
1077 2634 1141 2684 10
1182 2635 1321 2685 uidit
1366 2634 1427 2684 P.
1535 2634 1593 2684 11
1644 2635 1880 2700 deceptu
1918 2633 1983 2685 A.

280 2721 340 2771 12
377 2720 564 2770 retulit
598 2720 705 2775 PC.
780 2720 840 2771 13
877 2709 1197 2785 quicumque
1234 2718 1295 2770 P.
1367 2720 1429 2768 14
1463 2720 1584 2770 uita
1619 2719 1684 2774 P.

408 2822 679 2872 xxxnn.
751 2823 818 2872 In
867 2820 911 2869 Α
956 2824 1123 2872 titulus
1166 2824 1324 2873 deest.
1394 2822 1494 2871 DE
1551 2820 1837 2872 CYCADA
1885 2821 1984 2870 ΕΤ

275 2906 604 2957 FORMICA
640 2905 696 2957 C.
760 2906 783 2956 1
824 2906 1038 2971 quisqui
1075 2911 1323 2972 torpente
1359 2905 1421 2956 P.
1493 2911 1716 2971 passast
1749 2905 1810 2956 F.
1857 2921 1987 2970 pas-

274 3006 366 3043 sus
404 2992 535 3042 libri.
605 2990 841 3041 transire
878 2992 1176 3041 Puteaneus.
1260 2993 1292 3039 2
1315 3015 1318 3018 ·
1343 2990 1459 3041 uita
1505 2991 1569 3043 P.
1650 2990 1683 3041 3
1719 2989 1987 3041 collectus

274 3076 408 3125 libri.
504 3073 661 3125 affuit
696 3074 804 3126 AC.
831 3075 936 3124 fuit
972 3073 1033 3124 P.
1070 3075 1213 3125 afuit
1249 3076 1604 3138 Cabelq‘auiuS..
1689 3075 1723 3123 4
1758 3073 1988 3124 alterius

276 3176 335 3211 se
358 3159 418 3211 P.
489 3159 709 3225 rogabit
731 3161 863 3211 libri.
898 3160 1113 3224 rogauit
1139 3160 1460 3223 Cabeljauius
1477 3176 1582 3210 cum
1604 3159 1987 3210 recentior-ibae.
