2502 3620
525 142 603 202 70
1169 161 1177 169 ·
1236 155 1523 197 APOLOGI

1293 354 1485 420 VIII.

647 496 891 554 Camelus
938 497 1127 553 uidens
1170 497 1341 554 boues
1383 498 1667 560 cornibus,
1713 516 1876 573 apros
1907 499 2154 555 dentibus
2192 509 2253 555 et

521 599 705 656 leones
736 616 922 656 morsu
952 601 1270 673 insignitos,
1315 606 1650 673 conquestus
1681 608 1766 655 est
1795 600 1937 663 Ioui,
1982 617 2039 656 se
2080 602 2251 657 nimis

522 703 576 758 in
620 700 961 758 naturalibus
1001 703 1347 765 destitutum,
1393 710 1448 757 et
1477 703 1634 775 petiit
1676 701 1777 757 sibi
1808 702 1920 759 dari
1953 720 2155 759 cornua
2190 705 2250 758 in

523 805 812 859 munimen.
867 803 1070 877 Iupiter
1094 812 1272 860 autem
1296 805 1667 876 indignacione
1690 812 1949 879 concepta
1979 804 2249 861 camelum

523 905 773 961 deridens
817 923 924 960 non
970 906 1145 962 solum
1180 908 1439 981 peticioni
1472 924 1582 963 non
1617 908 1831 970 annuit,
1864 906 1960 962 sed
1990 925 2019 962 a
2048 914 2250 969 natura

523 1023 836 1063 concessam
869 1007 1093 1063 abstulit
1124 1010 1170 1063 ei
1200 1010 1408 1063 aurium
1439 1014 1798 1064 uenustatem.

522 1121 677 1181 ‘Viue
706 1127 884 1182 minor
913 1128 1104 1182 merito
1135 1128 1219 1183 cui
1248 1145 1375 1183 >sors
1404 1144 1514 1183 non
1546 1125 1786 1183 sufficit'
1819 1129 1994 1202 inquit

607 1224 687 1282 ‘et
720 1236 810 1285 tua
839 1237 1122 1303 perpetuo,
1154 1229 1350 1292 liuide,
1382 1230 1611 1303 dampna
1640 1230 1835 1301 geme?

524 1329 847 1386 Contentum
878 1333 1116 1405 propriis
1147 1332 1444 1405 sapientem
1474 1333 1662 1386 uiuere
1693 1331 1882 1391 rebus,

609 1447 710 1487 nec
740 1448 939 1505 cupere
969 1432 1220 1495 alterius,
1255 1432 1434 1489 fabula
1463 1440 1652 1489 nostra
1681 1439 1894 1494 monet,

525 1533 803 1605 indignata
833 1535 941 1590 cito
974 1550 1040 1589 ne
1071 1542 1178 1590 stet
1206 1534 1448 1590 Fortuna
1477 1550 1732 1596 recursu,

607 1641 770 1709 atque
801 1636 982 1692 eadem
1014 1638 1219 1693 minuat
1249 1653 1386 1709 quae
1416 1636 1561 1692 dedit
1590 1644 1714 1693 ante
1746 1646 1881 1693 rota.

1266 1883 1493 1948 VIIII.

652 2027 764 2083 Duo
798 2030 1036 2084 uiatores
1067 2025 1259 2082 foedus
1291 2028 1494 2101 pariter
1524 2028 1786 2088 inierunt,
1819 2033 1882 2082 ut
1912 2028 1965 2082 in
1997 2026 2248 2084 aduersis

448 2171 461 2179 s
522 2131 725 2204 partito
760 2128 996 2203 pondere
1027 2129 1163 2184 alter
1193 2128 1350 2185 alteri
1396 2128 1727 2184 subueniret.
1789 2127 1992 2196 Quibus
2023 2145 2122 2202 per
2151 2129 2248 2184 de-

524 2240 729 2288 sertum
782 2230 1179 2288 ambulantibus
1232 2231 1475 2287 occurrit
1525 2229 1610 2284 leo
1663 2229 1943 2285 famelicus
1989 2231 2248 2304 praedam

523 2350 804 2408 quaerens
868 2334 985 2389 Mox
1026 2333 1163 2390 alter
1191 2332 1389 2404 agilior
1420 2347 1676 2405 quercum
1709 2330 2050 2394 conscendit,
2103 2330 2249 2387 alter

525 2453 654 2493 uero
699 2436 889 2507 fugere
918 2452 1026 2490 non
1057 2433 1244 2490 ualens
1277 2449 1479 2507 pauore
1509 2433 1746 2506 deriguit
1776 2441 1830 2489 et
1861 2435 2248 2507 syncoptizans

523 2540 577 2593 in
621 2545 819 2592 terram
863 2536 1055 2593 cecidit
1097 2536 1410 2591 semiuiuuS.
1483 2533 1658 2602 Quare
1702 2534 1787 2591 leo
1822 2536 2053 2592 cadauer
2093 2552 2248 2592 mor-

525 2646 675 2693 tuum
708 2654 829 2694 esse
859 2645 1056 2711 putans
1087 2654 1208 2694 cum
1241 2636 1522 2712 paululum
1553 2643 1973 2698 contrectasset,
2018 2635 2247 2710 reliquit

524 2747 578 2794 et
610 2742 659 2795 in
680 2739 845 2795 siluas
876 2739 1039 2812 longe
1067 2740 1310 2795 recessit.
1344 2739 1492 2795 Tunc
1521 2739 1659 2795 alter
1688 2739 1753 2794 de
1784 2756 1986 2812 quercu
2018 2738 2246 2795 descen-

523 2842 654 2898 dens
685 2835 847 2897 dixit:
881 2837 1042 2915 ‘quid
1074 2849 1250 2898 tecum
1282 2840 1367 2896 leo
1400 2843 1662 2902 secretius
1693 2849 1776 2898 est
1806 2838 2140 2914 loquutus?'
2173 2843 2248 2898 At

519 2944 612 3000 ille
642 2945 742 3000 ait:

691 3062 794 3117 ‘ne
825 3062 980 3119 facilc
1010 3060 1232 3118 alterius
1264 3067 1477 3135 repetas
1507 3063 1818 3123 consorcia,
1850 3059 2010 3122 dixit,

774 3181 967 3219 rursus
997 3162 1074 3238 ab»
1094 3164 1281 3218 insana
1310 3178 1377 3216 ne
1406 3163 1616 3235 capiare
1648 3163 1804 3218 fera?
