2502 3620
567 160 646 221 34
1312 174 1525 215 Alem

566 321 667 383 sed
696 329 1002 402 postquam
1033 323 1214 382 iratus
1245 322 1575 382 detractans
1607 323 1838 383 uincula
1870 322 2019 383 eollo

648 425 977 485 inmeritam
1011 441 1189 484 uacua
1222 422 1382 483 calce
1412 423 1613 502 fatigat
1643 425 1913 493 humum,

566 527 840 587 continuo
871 533 929 586 et
960 530 1190 586 uersam
1221 524 1467 604 pedibus
1491 525 1781 605 'dispergit
1810 528 2091 587 harenam

648 646 821 708 quam
851 628 1009 689 ferus
1036 630 1098 687 in
1130 627 1351 687 domini
1381 646 1481 687 ora
1513 629 1808 707 sequentis
1838 635 1995 707 agat,
2219 637 2283 687 12

566 736 689 793 tum
720 731 803 789 sic
832 730 1073 791 informi
1104 729 1439 809 squalentes
1468 730 1716 809 puluere
1749 732 1942 791 crines

650 831 969 912 ‹lisqutiens
999 834 1116 893 imo
1147 839 1388 912 pectore
1418 833 1608 892 uictus
1639 834 1743 892 ait:

568 936 884 997 ‘nemirum
917 933 1247 1013 exemplum
1280 941 1522 993 naturae
1555 934 1720 994 derat
1750 935 1967 1002 imeae,

650 1055 762 1115 qua
791 1037 948 1096 uinci
976 1043 1174 1114 posset
1206 1054 1338 1096 eum
1371 1036 1597 1095 ratione
1631 1038 1893 1095 nocens!
2217 1044 2280 1095 16

1268 1272 1671 1347 XXVIIII.

569 1443 815 1503 Horrida
848 1444 1138 1520 congestis
1170 1463 1303 1504 eum
1335 1451 1515 1505 staret
1543 1443 1751 1505 bruma
1782 1445 2044 1523 pruineis

653 1552 972 1624 cunctaque
1004 1544 1208 1604 durato
1238 1547 1554 1624 stringeret
1583 1564 1723 1606 arua
1755 1545 1885 1623 gelu
1903 1594 1917 1615 ,

570 1647 753 1706 haesit
780 1647 838 1705 in
871 1644 1119 1706 aduorsa
1149 1645 1484 1707 nimborum
1517 1647 1669 1707 mole
1699 1649 1916 1708 uiator:

650 1747 877 1828 perdita
907 1765 1042 1808 nam
1073 1749 1349 1828 prohibet
1379 1751 1585 1809 semita
1616 1750 1773 1809 serre
1805 1750 2068 1827 gradum.
2245 1760 2279 1808 4

568 1851 723 1910 hune
753 1868 1060 1932 nemorum
1092 1859 1289 1912 eustos
1319 1852 1506 1911 fertur
1536 1853 1846 1911 miseratus
1875 1854 1935 1911 in
1966 1861 2135 1912 antro

653 1959 958 2032 exceptum
988 1953 1228 2031 Satyrus
1259 1954 1614 2014 contiuuisse
1642 1972 1767 2014 suo.

702 2223 735 2286 9
759 2223 856 2274 sed
880 2227 1013 2289 post„
1027 2222 1082 2272 G.
1153 2224 1517 2289 nequicquam
1532 2224 1939 2289 Ganneyieterus.
2014 2227 2185 2277 iratus
2209 2227 2273 2280 F.

571 2312 712 2359 irato
746 2309 878 2359 libri.
917 2309 1091 2358 inuito
1116 2306 1178 2361 L.
1248 2308 1563 2360 detrectans
1591 2309 1651 2360 P.
1727 2308 1788 2359 10
1823 2325 1970 2360 uana
1998 2309 2060 2360 L.
2136 2311 2190 2360 ll
2223 2319 2277 2362 et

570 2409 784 2443 uersam
819 2393 880 2443 F.
921 2408 1165 2443 euersam
1203 2392 1334 2441 libri.
1446 2393 1505 2442 12
1542 2411 1701 2459 quam
1728 2394 1784 2442 in
1809 2394 2012 2445 domini
2039 2412 2171 2447 aura
2194 2397 2274 2446 fe-

569 2494 695 2529 rens
731 2495 828 2544 ora
853 2494 896 2528 e.
925 2494 974 2528 a.
1001 2476 1064 2528 L.
1142 2476 1202 2527 13
1238 2481 1369 2527 tunc
1393 2477 1485 2527 hie
1512 2477 1575 2528 L.
1647 2479 1934 2543 qualentes
1958 2479 2023 2529 A.
2099 2479 2158 2529 15
2185 2479 2275 2530 de-

569 2567 657 2614 rat
692 2563 741 2612 A
774 2580 806 2613 a
834 2565 1003 2627 prima
1036 2579 1206 2624 manu,
1246 2562 1309 2612 P.
1383 2562 1575 2613 deerat
1611 2563 1659 2612 A
1703 2580 1842 2613 corr.
1882 2563 1939 2613 C.
2011 2565 2276 2614 nemirum

569 2654 618 2697 et
665 2648 846 2698 inieae
889 2665 936 2698 u.
982 2664 1026 2696 e.
1071 2647 1366 2710 Cabeljauii.
1487 2645 1549 2695 16
1593 2647 1684 2711 qui
1731 2647 1791 2698 P.
1874 2649 2024 2699 uinci
2059 2647 2119 2699 F.
2159 2649 2277 2699 fieri

567 2733 698 2784 libri.
767 2731 939 2798 possit
972 2729 1079 2782 AC.
1116 2747 1306 2796 posses
1340 2735 1667 2791 recentiores,
1738 2737 1940 2783 nocent
1973 2732 2038 2782 A.

703 2817 967 2876 xxvnn.
1036 2816 1134 2864 DE
1188 2816 1508 2890 ylATORE
1561 2818 1656 2880 ET
1710 2817 1986 2867 SATYRO
2038 2818 2104 2867 A.
2177 2819 2274 2869 DE

569 2901 889 2953 VIATORE
934 2901 1029 2949 ΕΤ
1076 2899 1319 2950 FAVNO
1359 2899 1415 2952 C.
1491 2900 1512 2949 l
1552 2899 1791 2952 Horrida
1835 2899 1997 2966 (quae
2034 2903 2276 2954 horridos

572 2985 736 3049 facit)
759 2984 824 3037 A.
917 2985 1138 3050 pruinas
1164 2984 1227 3038 P.
1299 2987 1331 3033 2
1368 2985 1663 3051 uinctaque
1710 2988 1881 3037 eodem
1922 2988 2199 3038 Vossianus
2228 2990 2271 3039 I.

571 3069 605 3121 3
638 3070 794 3122 Nesit
816 3069 878 3119 P.
948 3061 1161 3121 meator'
1193 3072 1307 3123 cod.
1334 3070 1628 3134 Gabeljauz'i.
1699 3071 1731 3120 5
1767 3060 1949 3121 e‘ustus
1985 3070 2047 3122 P.
2102 3073 2277 3124 cultor

575 3154 980 3219 Canneyz‘eterus.
