2502 3620
1040 180 1263 222 AwANI
1922 170 1996 228 71

1104 394 1193 458 X.

414 540 561 596 Miles
592 539 781 596 caluus
804 539 1030 615 capillos
1053 540 1219 596 fronti
1253 557 1353 596 suo
1385 546 1733 613 coaptauerat
1763 542 1999 604 alienos:

288 643 482 718 quibus
506 644 839 715 uehementis
862 642 1062 698 Boreae
1091 641 1221 700 flatu
1256 644 1548 741 subreptis,
1582 646 1756 700 sactus
1787 651 1870 699 est
1900 646 2003 700 cir-

287 744 681 801 cumstantibus
714 745 762 798 in
797 743 1048 800 derisum.
1104 746 1253 803 Tunc
1283 747 1373 803 ille
1397 747 1719 803 derisionem
1743 749 1795 801 in
1826 748 2001 803 iocum

285 847 472 922 pulcre
503 853 853 903 conuertens:

371 982 536 1058 ‘quid
566 984 760 1038 m'irum
790 980 898 1038 est'
941 984 1119 1055 inquit
1151 981 1389 1058 ‘positos
1421 985 1629 1058 fugisse
1659 984 1889 1060 capillos

454 1101 612 1158 quem
643 1086 794 1158 prius
826 1100 1130 1158 aequaeuae
1160 1085 1448 1142 deseruere
1479 1087 1734 1144 comae‘?’

370 1188 438 1243 Se
470 1189 580 1243 risu
611 1188 936 1260 quicumque
967 1204 1112 1243 nouo
1147 1190 1283 1244 sciat
1312 1204 1432 1243 esse
1462 1196 1731 1245 retentum
1750 1233 1762 1251 ‚

458 1297 575 1345 arte
605 1290 777 1360 magis
809 1289 1023 1378 studeat
1055 1306 1214 1362 quam
1247 1290 1539 1363 prohibere
1569 1293 1745 1346 minis,

1073 1519 1199 1583 XI.

410 1650 633 1718 Fluuius
659 1663 872 1736 quidam
899 1663 1093 1719 subitis
1119 1664 1382 1720 inundans
1405 1663 1665 1719 imbribus
1689 1664 1823 1721 duas
1848 1663 2001 1726 ollas,

287 1765 509 1823 alteram
541 1781 750 1821 aeream
783 1764 1009 1822 alteram
1035 1764 1281 1828 fictilem,
1325 1773 1538 1839 ereptas
1563 1783 1590 1821 e
1625 1765 1784 1823 litore
1813 1784 2001 1840 aspor-

285 1871 437 1924 tauit.
499 1867 602 1923 Sed
644 1885 765 1923 cum
814 1875 979 1923 testea
1023 1868 1198 1922 leuior
1232 1867 1479 1923 uelocius
1511 1886 1540 1922 a
1572 1870 1788 1940 gurgite
1818 1877 2000 1948 porta-

285 1979 466 2031 retur,
502 1964 713 2046 [aerea]
748 1972 846 2025 ait:
880 1967 897 1996 ‘
919 1977 1201 2026 consortes
1232 1986 1449 2032 sumne,
1483 1972 1710 2026 inuicem
1742 1988 1842 2026 nos
1874 1987 2001 2027 con-

285 2069 617 2144 iungamuS.'
677 2071 772 2126 Cui
806 2079 1003 2127 testea:

369 2207 389 2237 ‘
409 2209 654 2281 quamuis
686 2223 927 2264 securam
959 2207 1140 2263 uerbis
1171 2224 1255 2263 me
1287 2207 1533 2270 seceris?
1565 2210 1741 2281 inquit

454 2308 582 2366 ‘uon
617 2311 779 2365 timor
809 2325 870 2364 cx
900 2312 1075 2366 animo
1108 2309 1475 2365 discutiendus
1506 2312 1624 2365 erit.

366 2412 494 2468 Nam
525 2427 609 2466 mc
641 2413 755 2468 siue
788 2411 912 2474 tibi,
958 2427 1054 2467 seu
1087 2419 1138 2466 te
1169 2412 1297 2466 mihi
1328 2412 1572 2467 conserat
1602 2410 1774 2471 unda,

453 2529 665 2586 semper
695 2530 789 2569 ero
821 2512 1084 2570 ambobus
1117 2513 1332 2569 subdita
1364 2512 1477 2569 sola
1509 2510 1706 2568 malis)

366 2615 662 2688 Pauperior
691 2623 879 2671 caueat
910 2631 1028 2671 sese
1060 2617 1269 2671 sociare
1298 2617 1538 2690 potenti,

451 2733 684 2790 namque
714 2716 847 2773 fides
880 2716 969 2773 illa
1000 2734 1119 2773 cum
1151 2717 1308 2791 parili
1343 2717 1551 2774 melior.

1056 2947 1218 3012 XII.

412 3090 666 3147 Rusticus
710 3098 889 3147 aratro
934 3108 1032 3147 suo
1075 3093 1191 3163 agri
1238 3090 1482 3148 culturae
1519 3093 1776 3148 insistens
1806 3091 1942 3147 uidit
1972 3107 1999 3145 c

287 3199 429 3248 terra
474 3193 785 3249 thesaurum
838 3211 965 3249 casu
1021 3193 1251 3249 fortuito
1304 3194 1570 3267 prosilire.
1631 3194 1779 3249 Tunc
1828 3192 1999 3248 boues
