2502 3620
1008 171 1291 212 FABVLAE
1927 161 1952 217 1
1968 157 2005 218 3

291 320 447 379 hunc
480 318 776 387 dominuS,
810 338 884 379 ne
914 338 1088 399 quem
1119 319 1382 399 probitas
1413 320 1680 381 simulata
1712 319 1948 391 lateret,

374 423 620 482 iusserat
648 422 709 480 in
740 420 944 480 rabido
975 428 1208 499 gutture
1240 421 1398 482 ferre
1428 430 1654 483 notam:
1971 430 2004 480 8

290 522 555 583 faucibus
586 524 815 582 innexis
845 524 1190 601 crepitantia
1222 523 1476 602 subligat
1506 543 1673 595 aera,

374 644 522 705 quae
553 625 708 686 sacili
737 633 900 685 motu
931 627 1095 703 signa
1128 627 1389 685 cauenda
1420 625 1644 687 darent.

290 726 434 786 haec
465 735 662 788 tamen
693 727 790 787 ille
821 726 933 787 sib-i
965 726 1242 787 credebat
1271 730 1533 806 praemia
1564 730 1737 799 ferri,

374 829 431 888 et
460 827 711 890 similem
740 829 975 890 turbam
1009 828 1367 909 despiciebat
1396 849 1597 891 ouans.
1941 841 2001 889 12

288 938 429 991 tunc
459 931 832 993 insultantem
866 933 1064 991 senior
1095 930 1166 990 de
1196 930 1370 1010 plebe
1401 932 1719 1011 superbum

373 1032 713 1112 adgreditur
741 1033 841 1093 tali
871 1032 1119 1113 paucula
1149 1052 1296 1094 uoce
1327 1052 1601 1095 monens:

290 1134 544 1205 ‘infelix,
564 1154 725 1233 ⁴guae
759 1143 915 1195 tanta
946 1137 1099 1215 rapit
1129 1135 1424 1195 dementia
1454 1156 1718 1207 sensum,

373 1256 616 1298 munera
647 1256 755 1317 pro
786 1239 1013 1298 meritis
1043 1238 1093 1297 si
1124 1239 1289 1316 cupis
1318 1239 1428 1298 ista
1459 1239 1620 1299 dari?
1939 1247 2002 1297 16

289 1358 407 1399 non
438 1341 551 1400 hoc
581 1341 816 1400 uirtutis
846 1339 1025 1400 decus
1055 1347 1382 1400 ostentatur
1412 1342 1471 1399 in
1504 1359 1670 1410 aere,

376 1417 666 1521 nequitiae
696 1449 905 1502 testem
937 1440 1040 1501 sed
1072 1443 1228 1519 geris
1258 1442 1396 1502 inde
1427 1447 1682 1503 sonum.'

1033 1662 1244 1736 VIII.

288 1815 669 1896 [Contentum
700 1819 957 1896 propriis
987 1820 1312 1897 sapientem
1346 1820 1548 1878 uiuere
1580 1818 1786 1888 rebuS,

373 1937 480 1978 nec
514 1938 728 1998 cupere
760 1918 1029 1990 alteriuS‚
1064 1928 1262 1980 nostra
1294 1919 1504 1980 sabella
1535 1927 1763 1980 monet:

286 2122 352 2176 A.
389 2123 599 2172 ratibus
635 2123 691 2172 C.
798 2123 847 2175 5.
886 2083 1183 2179 sumitensA.
1222 2126 1510 2176 sfimittens
1548 2125 1603 2174 C.
1708 2123 1740 2173 6
1775 2126 2000 2175 uolnera

286 2207 336 2257 A
359 2225 391 2257 a
418 2211 587 2273 prima
610 2225 770 2258 manu.
844 2208 874 2256 7
897 2210 1146 2274 probitas
1181 2215 1344 2261 omisit
1380 2209 1441 2260 P.
1511 2209 1545 2258 8
1580 2210 1770 2275 rapido
1807 2215 2000 2274 guture

286 2292 347 2342 P.
421 2293 602 2343 nolam
646 2292 752 2343 AC.
800 2293 1018 2345 mollam
1067 2294 1127 2345 P.
1174 2300 1361 2345 notam
1417 2287 1697 2345 Lunensi8.'
1829 2293 1863 2343 9
1905 2310 1999 2344 uo-

288 2378 443 2427 cibus
482 2376 581 2441 (-:
616 2363 864 2443 focibus)
901 2386 1046 2428 uetus
1079 2382 1248 2430 eodem
1284 2365 1584 2443 cabeljauii.
1658 2379 1714 2428 ll
1756 2379 1898 2429 ferre
1937 2379 1998 2430 P.

288 2462 352 2511 12
399 2463 730 2527 dispiciebat
776 2479 844 2514 ov
891 2463 953 2513 P.
1036 2464 1099 2513 14
1150 2465 1472 2531 aggreditur
1516 2464 1581 2514 A.
1661 2464 1899 2530 paucula
1934 2464 1998 2514 F.

288 2547 651 2612 singulalibri.
724 2565 949 2599 mouens
967 2551 1266 2600 Puteaneus.
1341 2549 1508 2599 sibila
1528 2565 1663 2599 uoce
1689 2565 1911 2599 mouens
1933 2548 1994 2598 L.

290 2630 353 2681 16
397 2635 444 2681 si
492 2634 649 2697 cupis
704 2635 815 2684 ista
872 2634 990 2683 dari
1045 2635 1178 2685 libri.
1287 2635 1415 2684 Num
1473 2636 1521 2684 si
1568 2636 1722 2700 capis
1771 2636 1880 2684 ista
1929 2634 1996 2683 ab

288 2719 415 2768 ero?
475 2724 530 2767 at
562 2719 744 2783 confer
784 2717 858 2776 14,
902 2718 977 2768 12.
1015 2720 1099 2783 24,
1139 2720 1219 2769 12.
1295 2720 1373 2769 sic
1412 2720 1700 2770 NeueletuS.
1774 2721 1864 2784 qui
1907 2734 1996 2769 cu-

280 2803 372 2867 'pis
409 2804 521 2852 ista
567 2803 698 2853 dare
737 2804 1077 2865 Cabeljanius.
1153 2803 1233 2854 15.
1272 2803 1335 2854 16
1381 2797 1731 2856 Lachmannus
1776 2806 1995 2855 seclusit.

290 2887 350 2936 17
398 2887 718 2937 ostendatur
754 2887 814 2936 P.
888 2886 951 2936 18
997 2889 1269 2954 nequities
1312 2894 1395 2941 uel
1434 2891 1668 2955 nequitii
1719 2890 2000 2953 Cabeljauii

284 2974 435 3022 codd.
506 2973 977 3038 nequitie-sedem
1011 2977 1124 3025 cod.
1166 2974 1444 3039 Saraveyii.

422 3060 562 3111 vm.
610 3061 707 3110 DE
746 3057 788 3108 C
898 3059 1044 3109 ELO
1072 3060 1137 3112 A.
1211 3060 1234 3110 1
1277 3061 1607 3111 contendum
1633 3059 1693 3109 P.
1766 3061 1797 3107 2
1834 3075 1900 3108 ne
1927 3046 2009 3111 A.

286 3149 477 3195 nostra
527 3144 738 3195 fabella
872 3162 904 3193 a
943 3149 1111 3211 prima
1169 3163 1339 3205 manu,
1398 3152 1498 3195 tum
1558 3144 1750 3195 fabula
1808 3149 1994 3194 nostra
