2502 3620
539 166 619 226 62
878 179 1182 221 MAms'rm
1216 179 1578 221 Amanum
1608 177 1865 227 NEQVAM

538 333 729 388 Euehit
758 335 811 389 ln
841 349 1105 408 praeceps
1138 333 1340 388 stultos
1372 331 1536 389 elatio
1568 350 1755 396 eaeca;

621 451 772 490 mens
803 435 943 491 elata
975 437 1058 490 sui
1090 435 1178 490 uix
1207 416 1416 491 memor
1445 451 1565 491 esse
1596 442 1797 509 potest.

537 537 862 592 intumuisse
893 536 1076 591 ferunt
1106 554 1205 610 pro
1238 535 1381 610 pelle
1411 535 1586 592 leonis
1616 536 1873 601 asellun1;

623 655 780 711 quam
812 639 899 694 uix
930 644 1143 712 aptarat
1174 636 1402 693 artubus
1431 637 1521 694 ille
1554 637 1693 699 suis,
1793 714 1796 717 Ι

536 741 745 795 exuuiis
774 739 1015 819 gaudens
1046 740 1264 801 alienis,
1296 757 1426 795 arua
1456 756 1770 813 pererrans,

621 843 842 898 inuenta
872 842 1148 897 dominum
1181 843 1378 897 terruit
1409 849 1524 897 arte
1556 859 1731 897 suum.
2237 843 2270 894 8

535 941 673 1010 Quid
700 945 920 1000 moror?
964 944 1096 999 haut
1124 940 1633 1016 modicus'pecudes
1663 951 1902 998 armenta
1935 945 2266 1015 magistrum

623 1053 802 1101 terror
829 1045 1075 1102 uelooem
1107 1047 1270 1100 iussit
1300 1047 1437 1100 inire
1468 1046 1669 1117 fugam.

533 1147 602 1201 At
635 1147 845 1203 tandem
874 1148 1124 1217 dominus
1154 1146 1398 1204 fraudem
1430 1147 1714 1220 deprendit
1744 1145 1893 1202 aselli

619 1249 936 1323 nodosoque
966 1251 1152 1306 furens
1182 1251 1329 1305 fuste
1358 1248 1552 1305 cecidit
1583 1264 1733 1304 eum:
2198 1253 2262 1300 12

533 1350 831 1406 ‘exsolues'
864 1353 1040 1425 inquit
1071 1352 1326 1425 ‘poenam
1358 1367 1516 1426 quam
1550 1352 1937 1424 promeruisti:

619 1452 808 1509 crebra
839 1452 937 1508 tibi
966 1455 1166 1510 misero
1201 1455 1412 1509 sarcina
1444 1460 1597 1525 terga
1627 1452 1882 1525 premet.'

532 1551 627 1608 Est
658 1556 841 1609 asinus
873 1557 1121 1627 quamuis
1152 1554 1376 1610 indutus
1407 1553 1548 1628 pelle
1578 1530 1780 1616 leoniS‚

619 1656 871 1728 indignus
902 1674 1096 1730 magno
1129 1658 1379 1731 quisquis
1411 1657 1619 1712 honore
1651 1663 1841 1711 tumet.
2191 1660 2257 1710 16

1334 1870 1454 1938 VI.

524 2016 662 2071 ‘Dum
694 2017 977 2089 proprium
1007 2015 1245 2070 medIcus
1276 2015 1594 2088 languorem
1624 2021 1805 2075 curat,
1838 2015 1903 2071 ab
1938 2018 2054 2089 ipso

617 2125 842 2190 expecto
875 2116 1046 2173 multo
1082 2118 1251 2172 tutior
1282 2118 1414 2172 artis
1447 2134 1622 2191 opem.

530 2218 645 2274 Non
675 2236 760 2274 me
793 2235 1044 2275 securum
1075 2218 1268 2274 medici
1299 2219 1553 2276 iaetantia
1584 2219 1789 2283 reddit;

616 2324 707 2377 uix
741 2321 961 2378 tumidis
992 2321 1176 2377 uerbis
1207 2327 1292 2376 est
1323 2321 1620 2378 adhibenda
1649 2320 1801 2376 fides.
2219 2326 2255 2375 4

530 2424 674 2480 Rana
703 2423 845 2480 lares
875 2426 1132 2499 proprios
1164 2421 1446 2496 (caenosas
1478 2425 1596 2480 dico
1629 2421 1874 2497 paludes)

615 2524 801 2599 liquit,
834 2534 990 2599 prata
1019 2535 1237 2600 petens,
1271 2528 1537 2583 associata
1569 2526 1718 2581 feris,

531 2626 677 2695 Quas
705 2635 766 2681 ut
795 2627 991 2683 leniret
1019 2628 1214 2685 blando
1247 2644 1523 2690 sermone,
1556 2626 1763 2684 Salerni

615 2730 668 2783 in
700 2745 882 2783 rerum
913 2732 1092 2786 causis
1124 2747 1181 2785 se
1212 2730 1487 2786 studuisse
1517 2730 1702 2784 refert.
1897 2773 1906 2780 .
2217 2732 2254 2783 8

529 2831 774 2906 Imperiis
807 2832 1017 2888 seruire
1048 2834 1161 2888 suis
1192 2832 1388 2889 herbas
1418 2832 1732 2907 lapidesque

615 2936 812 2991 asserit
842 2942 897 2990 et
925 2934 1146 2991 morbos
1177 2935 1367 2991 cedere
1399 2953 1646 3010 quosque
1678 2934 1802 2991 sibi.

666 3184 742 3234 VI
778 3185 845 3235 de
882 3200 1020 3235 rana
1057 3182 1121 3236 G.
1194 3182 1228 3233 6
1261 3183 1434 3248 liquid
1471 3183 1536 3238 G.
