2502 3620
575 120 653 182 48
818 94 831 106 ’
1306 133 1519 174 AVIANI

575 285 749 366 [haec
778 292 1055 364 poterunt
1085 285 1332 343 miseros
1360 290 1493 362 post
1523 283 1669 342 haec
1700 281 1968 360 exempla
1997 300 2281 352 monere,

657 387 885 446 subdita
918 384 1210 445 nobilibus
1238 392 1303 444 ut
1332 403 1435 444 sua
1465 384 1583 443 fata
1614 383 1899 463 gemant]

1227 570 1631 646 XXXXII.
1711 556 1714 557 ⁷

572 728 746 788 Forte
777 726 978 807 lupum
1011 727 1221 787 melior
1253 746 1429 787 cursu
1462 725 1757 786 deluserat
1789 724 1993 795 aeduS‚

654 832 922 909 proxima
952 831 1164 890 uicinis
1196 829 1336 890 dum
1366 830 1514 908 petit
1544 847 1685 889 arua
1716 828 1883 888 casis

570 932 708 991 inde
739 932 939 1010 fugam
970 940 1134 992 recto
1166 931 1418 991 tendens
1447 933 1509 990 in
1540 933 1772 991 moenia
1806 947 1982 990 eursu

654 1037 809 1094 inter
838 1033 1135 1112 lanigeros
1167 1035 1347 1094 astitit
1376 1032 1476 1091 ille
1509 1051 1738 1110 greges.
2267 1038 2302 1086 4

570 1137 803 1214 inpiger
862 1136 1018 1195 hunc
1078 1144 1281 1215 raptor
1339 1135 1593 1195 mediam
1657 1153 1839 1213 usque
1899 1140 2181 1212 sequutus
2232 1133 2302 1191 in

1176 1236 1384 1298 urbem

654 1347 902 1419 temptat
931 1341 1248 1419 conpositis
1279 1338 1591 1399 sollicitare
1624 1337 1798 1398 dolis:

570 1429 795 1502 ‘nonne
826 1442 1014 1502 uides’
1045 1441 1246 1521 inquid
1282 1443 1535 1501 ‘cunctis
1567 1448 1629 1500 ut
1662 1442 1895 1500 uictima
1926 1440 2162 1518 templis

655 1545 845 1604 inmiti
877 1539 1013 1603 aere
1035 1563 1223 1623 vruens
1255 1551 1444 1603 morte
1477 1550 1747 1603 cruentat
1777 1542 2058 1625 humum?
2261 1553 2298 1605 8

571 1645 727 1726 quod
759 1647 871 1705 nisi
901 1664 1110 1706 securo
1140 1644 1340 1705 ualens
1372 1653 1427 1704 te
1459 1645 1711 1705 reddere
1744 1663 1981 1724 camp0‚

655 1748 753 1808 hei
783 1748 956 1818 mihi,
989 1749 1196 1808 uittata
1227 1756 1290 1807 tu
1322 1766 1555 1828 quoque
1587 1748 1782 1807 fronte
1814 1746 2032 1806 cades?

571 1936 714 1986 foret
751 1937 888 1986 atris
932 1936 1274 1999 Wopkensias
1303 1952 1425 2000 pay.
1464 1934 1581 1984 251.
1623 1938 1743 1984 erat
1780 1934 1977 1983 atratis
2013 1932 2073 1981 F.
2161 1983 2164 1986 ,
2226 1933 2292 1982 17

568 2021 801 2087 posthac
840 2018 895 2069 C.
972 2018 1034 2068 18
1069 2020 1311 2070 nobilius
1349 2020 1405 2071 C.
1478 2020 1631 2070 facta
1667 2018 1730 2067 P.

2213 2094 2238 2121 8.

703 2138 971 2188 xxxxn.
1042 2139 1141 2187 DE
1178 2139 1370 2189 LVPO
1408 2140 1503 2188 ET
1539 2137 1745 2189 HEDO
1783 2137 1848 2187 A.
1923 2137 1948 2186 1
1990 2136 2293 2186 deluisraet

492 2253 499 2260 ·
570 2224 630 2274 P.
735 2223 907 2273 hedus
943 2222 1009 2272 A.
1057 2223 1225 2273 aedus
1270 2224 1331 2274 P.
1372 2224 1503 2274 edus
1543 2224 1935 2288 paraphrastes.
2082 2223 2114 2270 2
2162 2206 2293 2273 te⁸13it

573 2310 979 2374 Cannegyieteras.
1055 2308 1206 2358 cauis
1267 2308 1322 2361 C.
1428 2311 1461 2358 4
1510 2310 1618 2358 iter
1663 2307 1970 2373 laurigeros
2008 2308 2067 2357 P.
2147 2308 2289 2358 lani-

570 2395 716 2444 feros
755 2394 1093 2457 Cabeljaaias.
1235 2394 1416 2444 astitit
1456 2394 1565 2443 AC.
1620 2393 1863 2443 constitit
1906 2394 2196 2442 Puteaneas
2241 2402 2291 2443 et
2349 2425 2352 2434 ·

570 2480 738 2528 Palat.
854 2478 886 2527 5
925 2478 1193 2543 impinger
1227 2478 1294 2528 A.
1376 2479 1717 2543 mediamque
1763 2478 1894 2528 libri.
1931 2477 2169 2527 mediam
2205 2494 2290 2527 us-

571 2578 672 2626 quc
710 2561 772 2611 F.
845 2566 1087 2613 sectatus
1117 2564 1336 2613 GaietaS.
1408 2563 1441 2613 6
1478 2564 1794 2628 conpositas
1832 2562 1893 2612 P.
1966 2562 1997 2609 7
2032 2567 2094 2612 ut
2129 2566 2291 2613 omisit

570 2646 632 2696 P.
703 2644 736 2695 8
772 2646 1050 2697 inmittere
1076 2652 1323 2698 reuomat
1358 2648 1423 2697 A.
1485 2648 1729 2697 inmitem
1765 2648 2039 2711 regimens
2076 2646 2136 2697 P.
2188 2649 2286 2697 im-

570 2733 755 2781 mitem
793 2731 1064 2782 redimens
1103 2732 1159 2781 C.
1232 2733 1558 2783 immeritam
1603 2732 1872 2798 pecudum
1909 2734 2194 2783 Pateaneas
2240 2742 2290 2784 et

569 2816 957 2881 paraphrastes,
1029 2818 1292 2867 immitem
1338 2834 1571 2885 propera
1624 2819 1906 2867 Palatinus.
1988 2818 2286 2868 immerita-

573 2917 676 2965 que
715 2917 936 2967 gemens
973 2903 1407 2968 Nozcz‘omaqensis.
1458 2904 1640 2953 inmiti
1675 2901 1938 2952 interiens
1974 2900 2037 2951 L.
2109 2903 2287 2952 inmiti

572 3003 700 3037 aere
746 3002 909 3037 ruens
954 2985 1017 3036 F.
1125 2993 1348 3038 cruente
1394 2989 1620 3040 thimum
1673 2987 1739 3037 A.
1777 2992 2029 3037 cruentat
2071 2986 2285 3052 hymum

572 3071 638 3122 P.
687 3077 910 3122 cruente
948 3072 1164 3121 dumum
1189 3071 1245 3122 C.
1296 3078 1548 3123 cruentat
1581 3075 1865 3123 Palatinus.
1935 3070 1968 3121 9
2004 3071 2283 3123 discedere

572 3158 653 3206 uel
688 3156 953 3207 decedere
979 3156 1097 3207 libri
1119 3156 1485 3220 Cabeejauiani.
1560 3156 1624 3207 10
1647 3157 1757 3207 heu
1781 3157 1823 3206 C
1843 3159 1959 3206 Pac.
2018 3157 2201 3208 uitata
2225 3157 2282 3208 P.
