2502 3620
523 159 600 217 72
1234 171 1519 213 Aronom

522 324 741 382 soluens
775 320 837 381 'et
880 326 945 382 ad
984 343 1183 400 pascua
1226 328 1447 383 mittens
1487 343 1634 383 aram
1665 326 1890 400 Cybelae
1932 333 2271 386 construxit

522 438 576 484 et
617 445 728 483 eam
773 428 1050 485 sacrificiis
1094 430 1410 491 honorauit,
1470 437 1722 502 tanquam
1765 428 1866 485 sibi
1910 438 2266 503 spontaneas

521 531 732 588 dantem
776 547 925 604 opes.
987 529 1089 586 Sed
1130 531 1371 587 Fortuna
1424 530 1706 602 indignans
1748 531 1984 587 debitum
2027 533 2137 589 sibi
2201 536 2266 590 in

522 635 624 689 hoc
654 634 914 689 honorem
947 632 1181 695 auferri,
1215 634 1316 688 ait:

604 748 771 808 ‘nunc
799 753 1021 808 inuenta
1052 754 1185 807 meis
1216 769 1324 807 non
1355 751 1541 826 prodis
1571 769 1794 809 munera
1827 753 2038 827 templis

689 861 849 928 atque
878 852 1014 909 alios
1045 855 1217 911 mauis
1246 855 1573 929 participare
1602 854 1772 917 deos,

606 954 699 1010 sed
728 971 850 1011 cum
882 963 1133 1029 surrepto
1168 955 1336 1011 fueris
1367 957 1712 1013 tristissimus
1741 975 1905 1020 auro,

689 1073 772 1111 me
803 1058 1027 1131 primam
1059 1057 1291 1114 lacrimis
1325 1057 1643 1121 sollicitabis
1673 1060 1847 1134 inops.

606 1176 712 1214 non
745 1176 830 1214 me
860 1159 1055 1215 ridenti
1084 1159 1240 1216 uoltu
1258 1201 1271 1222 ,
1305 1159 1398 1215 sed
1428 1176 1648 1216 cernere
1680 1162 1823 1216 tristi

689 1260 770 1316 las
801 1263 931 1323 crit,
964 1269 1017 1316 et
1048 1279 1217 1317 uacua
1249 1262 1359 1317 sint
1389 1261 1487 1317 tibi
1522 1270 1650 1318 uota
1682 1270 1791 1318 tua.

605 1363 766 1418 uiuus
797 1365 851 1418 in
881 1371 1102 1438 accepto
1135 1372 1321 1437 peccat
1352 1380 1520 1435 graue
1550 1357 1779 1439 quisque
1809 1364 2043 1429 talento,

690 1465 764 1526 si,
797 1465 942 1538 quod
972 1465 1037 1522 ab
1069 1466 1170 1521 hoc
1202 1467 1463 1540 sumpsit,
1497 1467 1728 1540 imputat
1759 1467 1861 1522 hoc
1892 1464 2023 1522 alii?

1272 1660 1471 1725 XIII.

646 1806 774 1862 Cum
822 1812 1011 1862 taurus
1042 1825 1070 1862 a
1103 1805 1237 1861 facie
1280 1798 1454 1861 leonis
1485 1806 1820 1879 insequentis
1863 1804 2108 1878 fugeret,
2142 1805 2246 1861 oh-

478 1959 489 1972 ,
522 1899 668 1964 nimii
714 1907 899 1963 habuit
942 1909 1149 1964 hircum
1190 1925 1503 1982 caprarum,
1549 1910 1641 1981 qui
1671 1924 1766 1964 ore
1796 1926 2003 1965 moram
2035 1909 2244 1965 faciens

522 2009 798 2083 obliquato
855 2025 975 2064 eum
1027 2008 1271 2065 deridere
1322 2017 1375 2063 et
1430 2017 1635 2065 terrere
1685 2019 1912 2066 conatus
1962 2018 2059 2066 est.
2142 2011 2245 2067 Cui

522 2120 711 2168 taurus
727 2131 748 2178 ε1

605 2230 624 2259 ³
644 2248 753 2287 non
785 2239 836 2286 te
867 2229 1113 2285 demissis
1145 2237 1445 2293 saetosam,
1477 2230 1689 2305 putide,
1722 2230 1933 2293 barbis,

688 2336 849 2389 immo
882 2333 1052 2394 hunc,
1086 2333 1178 2405 qui
1210 2349 1375 2406 super
1405 2341 1490 2387 est
1517 2334 1957 2407 insequiturque,
1991 2340 2185 2390 tremo.

604 2453 724 2491 nam
757 2436 804 2502 si
833 2434 1100 2495 discedat,
1132 2450 1355 2496 nosces,
1390 2432 1735 2496 stultissime,
1768 2442 2025 2508 quantum

689 2536 958 2609 discrepat
989 2554 1016 2591 a
1048 2535 1190 2591 tauri
1221 2535 1432 2591 uiribus
1464 2537 1647 2591 hircus
1679 2535 1877 2592 olens.'

603 2638 733 2693 Dum
765 2639 921 2711 cupis
950 2638 1158 2694 illatum
1193 2637 1402 2693 tibimet
1432 2636 1747 2711 persoluere
1776 2637 2093 2712 dampnum,

687 2739 890 2813 absque
923 2719 1014 2797 mo
1047 2740 1280 2814 dampno
1314 2734 1499 2815 [docte
1529 2746 1719 2796 caueto
1752 2734 1919 2815 fore].

2111 2825 2156 2844 Q

1253 2936 1487 3001 XIIII.

648 3079 774 3136 Ioue
814 3079 879 3136 ab
910 3078 1228 3136 animalibus
1261 3081 1571 3135 sciscitante
1602 3079 1747 3153 quod
1777 3078 1993 3135 illorum
2024 3079 2229 3153 prolem

524 3182 772 3253 gigneret
817 3182 1173 3255 pulcriorem,
1220 3181 1372 3236 simia
1413 3188 1571 3237 natos
1613 3199 1742 3237 suos
1794 3198 1975 3237 coram
2026 3184 2246 3246 cunctis?
