2502 3620
493 111 571 170 22
1246 121 1462 163 AVIANI

492 276 579 336 ‘tu
609 274 868 354 rapidos'
902 274 1090 352 inquit
1120 275 1352 332 ‘uentos
1382 290 1702 353 saeuasque
1732 273 2022 353 procellas

582 377 862 457 despicis,
898 381 957 434 et
985 375 1120 434 totis
1150 374 1379 434 uiribus
1409 380 1538 434 acta
1568 377 1719 434 ruis:

492 486 580 540 ast
610 498 717 557 ego
748 484 1058 555 surgentes
1086 475 1363 555 paulatim
1395 476 1671 537 demoror
1695 486 1954 549 austroS,

576 589 634 640 et
664 581 930 660 quamuis
960 577 1188 638 leuibus
1217 578 1464 657 prouida
1497 579 1641 639 cedo
1672 582 1843 641 notis,
2150 589 2228 639 1ss

488 685 550 743 in
582 689 677 742 tua
710 688 1028 761 proruptus
1059 700 1121 739 se
1154 679 1417 739 ecfundit
1448 680 1663 741 robora
1696 682 1955 743 nimbus:

576 783 829 844 motibus
861 802 1000 843 aura
1033 783 1178 843 meis
1209 781 1501 842 ludificata
1532 784 1733 861 perit.'

492 886 666 967 [haec
698 905 804 946 nos
835 884 988 945 dicta
1019 891 1264 944 monent
1293 885 1519 961 magnis
1551 884 1837 946 obsistere
1869 887 2111 956 frustra,

575 987 969 1067 paulatimque
1003 994 1198 1047 truces
1231 1004 1587 1064 exsuperare
1619 987 1856 1068 minas]
2143 998 2225 1047 20

1228 1172 1475 1248 XVII.

491 1312 744 1371 Venator
775 1310 977 1371 iaculis
1006 1310 1148 1370 haut
1177 1312 1354 1371 inrita
1388 1309 1631 1371 uolnera
1663 1318 1945 1390 torquens

575 1412 847 1481 turbabat
877 1413 1132 1491 trepidas
1161 1431 1271 1492 per
1301 1432 1402 1474 sua
1434 1413 1615 1473 lustra
1646 1413 1817 1473 feras,

489 1516 674 1585 hune,
707 1514 934 1594 pauidis
966 1514 1153 1576 audax
1185 1516 1428 1594 cupiens
1459 1514 1839 1585 subcurrere,
1875 1516 2039 1593 tigris

571 1616 824 1677 uerbera
855 1625 1198 1677 conmotans
1227 1619 1395 1677 iussit
1425 1617 1628 1677 adesse
1659 1619 1873 1677 minax.
2176 1627 2219 1673 4

626 1890 688 1942 13
725 1890 949 1956 rapidus
985 1889 1045 1940 P.
1086 1889 1306 1939 rabidos
1345 1887 1441 1937 Ac
1473 1904 1607 1938 cor-r.
1649 1888 1869 1954 rapidos
1900 1887 1944 1937 C
1976 1906 2007 1938 a
2037 1892 2216 1953 prima

487 1994 647 2027 manu.
720 1980 920 2026 uentus
946 1975 1007 2025 P.
1084 1976 1147 2024 14
1182 1975 1411 2039 dispi'cis
1438 1973 1532 2022 ΡΑ
1557 1991 1588 2022 α
1610 1977 1776 2038 prima
1799 1991 1960 2024 manu.
2033 1978 2088 2023 et
2124 1980 2211 2023 tu—

486 2061 557 2110 tis
584 2060 639 2111 C.
715 2059 775 2111 15
813 2059 1095 2125 paulatum
1122 2058 1181 2108 P.
1254 2059 1530 2108 demon-or
1553 2059 1617 2108 A.
1697 2059 1758 2108 16
1793 2059 1963 2109 caedo
1988 2058 2050 2108 Ρ.
2111 2043 2211 2109 no·-

485 2144 595 2194 this
629 2144 759 2194 libri.
904 2144 964 2192 17
1001 2147 1287 2208 proruptus
1322 2143 1385 2197 P.
1423 2149 1749 2209 praeruptus
1773 2143 1879 2194 AC.
1916 2148 2213 2209 proruptus

496 2230 774 2279 Vossianus
797 2230 832 2279 I
855 2227 995 2292 (uide
1024 2228 1486 2290 Drakenborchium
1523 2231 1593 2278 ad
1625 2226 1798 2278 Silium
1823 2229 1945 2279 Ital.
1972 2229 2075 2278 III
2098 2229 2209 2292 51).

489 2315 716 2365 offendit
762 2315 892 2364 libri.
943 2329 1002 2363 se
1052 2312 1280 2363 effundit
1326 2311 1387 2362 L.
1496 2314 1694 2362 robura
1731 2313 1790 2363 P.
1934 2312 1995 2362 18
2045 2329 2211 2364 aures

1244 2392 1268 2417 0

489 2433 646 2496 (meis
682 2433 846 2499 deest)
884 2433 947 2483 P.
1025 2431 1086 2484 19
1112 2433 1263 2482 dicta
1291 2468 1302 2481 .
1321 2468 1362 2482 ..
1389 2433 1566 2496 magis
1590 2431 1652 2481 Ρ.
1726 2431 1794 2482 20
1815 2432 2208 2498 paulatumque

490 2519 551 2569 P.
626 2533 925 2583 exuperare
964 2516 1021 2567 C.
1256 2500 1267 2511 ⁶
1701 2529 1708 2533 ’

621 2605 786 2653 xvn.
856 2604 954 2652 DE
992 2601 1384 2653 VENATORE
1421 2601 1515 2650 ET
1552 2601 1757 2652 TIGRI
1791 2602 1841 2651 A
1877 2601 2204 2665 (TIGRIDE

488 2688 569 2750 C).
645 2688 669 2736 1
711 2692 806 2737 aut
830 2687 892 2737 Ρ.
929 2687 1065 2737 haut
1089 2689 1360 2740 Lunensis.
1408 2687 1566 2735 irrita
1592 2686 1699 2735 AC.
1772 2688 1804 2735 2
1841 2688 2062 2738 rabidas
2089 2690 2210 2739 libri

487 2775 694 2837 antiqui.
756 2772 989 2838 pauidas
1026 2774 1329 2822 Puteaneus.
1403 2772 1753 2820 Lachmanmcs
1789 2775 2037 2825 correoet't.
2108 2790 2207 2837 per

490 2872 553 2907 sa
589 2855 649 2908 P.
789 2855 820 2906 3
866 2861 975 2906 tum
1022 2856 1140 2907 libri
1184 2858 1393 2922 antiqui.
1442 2860 1572 2905 tuno
1609 2856 1914 2908 PuteaneuS.
1952 2858 2097 2907 hune
2135 2858 2198 2908 L.

491 2957 752 2993 succurra
790 2943 938 3007 agris
975 2941 1036 2991 P.
1107 2942 1141 2989 4
1184 2942 1421 2991 uerbera
1470 2945 1788 2991 conmotans
1834 2940 1927 3004 (sc.
1967 2943 2199 3006 caudae)

491 3020 552 3078 F.
606 3028 835 3078 uerbere
875 3030 1172 3078 commotas
1206 3028 1337 3076 libri.
1396 3029 1610 3074 uertere
1649 3041 1695 3075 c.
1733 3026 1769 3074 i.
1812 3026 1880 3076 ad
1918 3043 2069 3078 arma
2105 3030 2203 3078 mi-

490 3128 593 3163 nas
631 3112 693 3162 L.
776 3113 970 3163 abesse
1016 3111 1084 3162 A.
1130 3127 1267 3161 corr.
1315 3112 1619 3160 Puteaneus.
1691 3112 1872 3162 minax
1917 3112 1978 3162 F.
2024 3115 2202 3163 minas
