2502 3620
967 183 1247 226 FABVLAE
1388 205 1392 210 ·
1896 169 1973 230 33

261 334 414 393 hanc
445 335 606 395 enisa
637 334 733 394 diu
763 333 954 413 planis
985 333 1301 393 ecfundere
1334 334 1585 412 campiS,

345 435 567 501 scilicet
594 443 658 496 ut
678 437 926 496 nimiam
961 434 1209 515 pelleret
1238 435 1375 496 inde
1405 436 1591 503 sitim,
1936 443 1970 491 4

256 545 565 617 postquam
596 538 755 599 nulla
784 541 939 599 uiam
970 539 1156 598 uirtus
1188 537 1374 607 dedit,
1407 537 1680 598 admouet
1710 554 1913 596 omnes

341 640 639 718 indignata
670 659 823 701 noua
854 639 1166 702 calliditate
1198 639 1389 700 dolos:

255 759 393 802 nam
424 741 623 802 breuis
650 744 924 803 inmersis
955 742 1304 802 adcrescens
1334 749 1539 821 sponte
1568 732 1779 820 lapilli‘s

339 844 579 922 potandi
609 844 839 904 facilem
867 842 1138 923 praebuit
1166 844 1322 904 unda
1352 845 1527 903 uiam.
1934 849 1967 900 8

253 945 479 1006 uiribus
510 946 655 1006 haec
686 946 881 1006 docuit
911 965 1085 1026 quam
1116 948 1190 1006 sit
1218 945 1531 1025 prudentia
1563 946 1775 1015 maior,
1951 958 1954 961 ’

340 1066 485 1126 quae
517 1055 788 1128 coeptum
820 1047 1047 1109 uolucri
1079 1047 1450 1126 explicuisset
1480 1067 1643 1127 opus,

929 1217 1291 1293 XXVIII.

224 1374 225 1377 ’
251 1369 453 1430 Vincla
482 1373 777 1432 recusanti
807 1372 1262 1452 dedignantique
1291 1373 1541 1431 iuuenco

336 1489 540 1550 aspera
571 1473 833 1534 mordaci
863 1473 1116 1534 subdere
1148 1472 1296 1534 colla
1325 1475 1461 1550 iugo

248 1575 500 1634 rusticus
529 1574 763 1655 obliqua
792 1576 1102 1636 subcidens
1133 1593 1355 1636 cornua
1385 1573 1561 1643 falce,

334 1676 581 1736 credidit
608 1678 876 1738 insanum
908 1678 1290 1738 defremuisse
1320 1694 1529 1756 pecuS‚
1929 1683 1963 1732 4

248 1785 451 1838 cautus
482 1785 539 1839 et
566 1779 834 1840 inmenso
867 1781 1158 1842 ceruicem
1188 1779 1435 1839 innectit
1464 1784 1658 1837 aratro

333 1880 603 1960 (namque
635 1888 760 1941 erat
790 1883 885 1943 hic
916 1902 1100 1943 cornu
1130 1882 1460 1961 promptior
1491 1886 1661 1959 atque
1692 1878 1892 1960 pede),

246 1981 471 2042 scilicet
500 1991 564 2043 ut
592 1982 801 2062 longus
830 1985 1174 2064 prohiberet
1204 1982 1455 2044 uerbera
1485 1989 1673 2051 temo,

331 2103 480 2148 nem
511 2087 660 2145 ictus
691 2085 891 2147 faciles
920 2086 1138 2165 ungula
1168 2082 1344 2148 saeua
1376 2085 1560 2145 daret.
1923 2088 1956 2138 8

378 2257 593 2306 xxvn.
663 2256 762 2305 DE
801 2253 1127 2307 CORNICE'
1154 2257 1250 2307 ΕΤ
1287 2255 1483 2306 VRNA
1517 2253 1582 2302 A.
1659 2251 1682 2301 1
1721 2252 1868 2303 siens
1906 2268 1954 2303 c.

244 2345 467 2405 asperat
502 2340 564 2390 P.'
644 2342 676 2388 2
713 2340 936 2389 nimiam
975 2341 1035 2391 P.
1109 2340 1483 2392 contenuisset
1518 2337 1578 2387 P.
1660 2335 1690 2387 3
1724 2337 1854 2388 hinc
1891 2337 1955 2387 P.

245 2424 538 2473 ecfundere
585 2441 633 2473 u.
671 2441 716 2473 c.
759 2425 1055 2487 Cabeljauz'i.
1134 2426 1166 2475 5
1205 2425 1460 2474 admonet
1495 2421 1556 2472 P.
1637 2420 1670 2470 6
1706 2422 1856 2473 dolor
1890 2422 1952 2472 P.

241 2507 274 2558 8
298 2509 550 2573 portandi
574 2506 634 2559 P.
683 2508 732 2558 9.
750 2508 813 2559 10
826 2511 1175 2560 Lachmannus
1198 2510 1402 2573 spurios
1425 2509 1687 2557 iudicauit.
1718 2493 1724 2499 ⁸
1759 2506 1823 2555 10
1849 2521 1955 2572 qua

240 2593 372 2643 libri.
413 2609 551 2658 quae
577 2595 892 2645 recentiores
915 2598 1121 2661 aliquot.
1195 2593 1408 2644 uolucri
1434 2592 1493 2643 P.
1520 2591 1756 2642 uolucris
1780 2592 1954 2643 ceteri.

242 2677 570 2744 explicuiset
604 2677 669 2728 A.

372 2765 614 2815 xxvm.
684 2765 783 2814 DE
830 2762 1149 2815 IVVENCO
1198 2764 1293 2813 ET
1339 2762 1679 2813 ARATORE
1716 2759 1782 2812 A.
1851 2761 1950 2810 DE

239 2848 545 2899 RVSTICO
584 2850 677 2899 ET
714 2848 1033 2899 IVVENCO
1072 2847 1227 2898 C.1
1270 2864 1371 2913 que
1408 2852 1569 2899 omisit
1605 2846 1667 2900 P.
1738 2845 1770 2896 3
1805 2844 1953 2896 oblo-

239 2934 369 2998 quia
403 2932 468 2984 A.
539 2935 571 2983 4
608 2934 953 2983 infremuisse
992 2932 1036 2983 C
1076 2950 1108 2983 a
1136 2935 1308 2997 prima
1341 2950 1502 2983 manu.
1585 2934 1617 2983 5
1652 2934 1952 2982 immensae

237 3019 299 3068 P.
373 3017 406 3067 6
438 3021 710 3084 prumcior
744 3018 794 3068 P
826 3020 1103 3084 (intelleye:
1139 3018 1298 3067 nimis
1332 3018 1647 3084 promptus).
1719 3032 1950 3083 namque

238 3108 360 3154 erat
393 3103 539 3154 haud
577 3120 743 3154 cornu
781 3096 1188 3168 Canneyieterus.
1262 3119 1369 3154 non
1406 3108 1525 3155 erat
1560 3102 1623 3154 L.
1693 3103 1723 3152 7
1760 3102 1953 3153 uerbe-

235 3192 322 3240 ret
357 3186 499 3251 (omo
535 3187 702 3252 deest)
742 3188 800 3240 P.
870 3186 903 3237 8
939 3188 1093 3239 deret
1133 3188 1188 3239 P.

1529 3275 1648 3338 2²1⁸*
