<?xml version="1.0" encoding="UTF-8"?>
<!DOCTYPE html PUBLIC "-//W3C//DTD XHTML 1.0 Transitional//EN"
    "http://www.w3.org/TR/xhtml1/DTD/xhtml1-transitional.dtd">
<html xmlns="http://www.w3.org/1999/xhtml" xml:lang="en" lang="en">
 <head>
  <title>
</title>
<meta http-equiv="Content-Type" content="text/html;charset=utf-8" />
  <meta name='ocr-system' content='tesseract 3.04.00' />
  <meta name='ocr-capabilities' content='ocr_page ocr_carea ocr_par ocr_line ocrx_word'/>
</head>
<body>
  <div class='ocr_page' id='page_1' title='image "avianifabvlaexx00froegoog_0094.png"; bbox 0 0 2502 3620; ppageno 0'>
   <div class='ocr_carea' id='block_1_1' title="bbox 507 93 1511 155">
    <p class='ocr_par' dir='ltr' id='par_1_1' title="bbox 507 93 1511 155">
     <span class='ocr_line' id='line_1_1' title="bbox 507 93 1511 155; baseline 0 -9"><span class='ocrx_word' id='word_1_1' title='bbox 507 93 584 155; x_wconf 79' lang='lat'>78</span> <span class='ocrx_word' id='word_1_2' title='bbox 1222 107 1511 147; x_wconf 71' lang='lat' dir='ltr'>Aponoet</span> 
     </span>
    </p>
   </div>
   <div class='ocr_carea' id='block_1_2' title="bbox 590 260 2032 438">
    <p class='ocr_par' dir='ltr' id='par_1_2' title="bbox 590 260 2032 438">
     <span class='ocr_line' id='line_1_2' title="bbox 590 260 2032 339; baseline 0.001 -24"><span class='ocrx_word' id='word_1_3' title='bbox 590 261 803 318; x_wconf 82' lang='lat' dir='ltr'><strong>Viribus</strong></span> <span class='ocrx_word' id='word_1_4' title='bbox 836 263 967 317; x_wconf 88' lang='lat' dir='ltr'>haec</span> <span class='ocrx_word' id='word_1_5' title='bbox 997 260 1184 316; x_wconf 92' lang='lat' dir='ltr'>docuit</span> <span class='ocrx_word' id='word_1_6' title='bbox 1218 278 1377 334; x_wconf 89' lang='lat' dir='ltr'>quam</span> <span class='ocrx_word' id='word_1_7' title='bbox 1412 263 1483 316; x_wconf 90' lang='lat' dir='ltr'>sit</span> <span class='ocrx_word' id='word_1_8' title='bbox 1513 261 1806 339; x_wconf 85' lang='lat' dir='ltr'>prudencia</span> <span class='ocrx_word' id='word_1_9' title='bbox 1835 263 2032 322; x_wconf 85' lang='lat' dir='ltr'>maior,</span> 
     </span>
     <span class='ocr_line' id='line_1_3' title="bbox 675 362 1897 438; baseline -0.002 -19"><span class='ocrx_word' id='word_1_10' title='bbox 675 379 812 438; x_wconf 87' lang='lat' dir='ltr'>quae</span> <span class='ocrx_word' id='word_1_11' title='bbox 843 371 1095 437; x_wconf 87' lang='lat' dir='ltr'>coeptum</span> <span class='ocrx_word' id='word_1_12' title='bbox 1128 362 1371 419; x_wconf 82' lang='lat' dir='ltr'>uolucris</span> <span class='ocrx_word' id='word_1_13' title='bbox 1403 363 1749 436; x_wconf 80' lang='lat' dir='ltr'>explicuisset</span> <span class='ocrx_word' id='word_1_14' title='bbox 1780 366 1897 419; x_wconf 86' lang='lat' dir='ltr'>iter.</span> 
     </span>
    </p>
   </div>
   <div class='ocr_carea' id='block_1_3' title="bbox 1205 661 1536 726">
    <p class='ocr_par' dir='ltr' id='par_1_3' title="bbox 1205 661 1536 726">
     <span class='ocr_line' id='line_1_4' title="bbox 1205 661 1536 726; baseline -0.003 -1"><span class='ocrx_word' id='word_1_15' title='bbox 1205 661 1536 726; x_wconf 91' lang='lat' dir='ltr'><strong>XXVIII.</strong></span> 
     </span>
    </p>
   </div>
   <div class='ocr_carea' id='block_1_4' title="bbox 509 839 2257 1526">
    <p class='ocr_par' dir='ltr' id='par_1_4' title="bbox 509 839 2257 1526">
     <span class='ocr_line' id='line_1_5' title="bbox 638 839 2257 912; baseline 0.002 -17"><span class='ocrx_word' id='word_1_16' title='bbox 638 842 813 897; x_wconf 86' lang='lat' dir='ltr'>Tauro</span> <span class='ocrx_word' id='word_1_17' title='bbox 847 848 1179 912; x_wconf 76' lang='lat' dir='ltr'>cornupetae</span> <span class='ocrx_word' id='word_1_18' title='bbox 1226 856 1324 895; x_wconf 89' lang='lat' dir='ltr'>nec</span> <span class='ocrx_word' id='word_1_19' title='bbox 1355 846 1532 895; x_wconf 88' lang='lat' dir='ltr'>aratra</span> <span class='ocrx_word' id='word_1_20' title='bbox 1562 840 1791 911; x_wconf 84' lang='lat' dir='ltr'>pacienti</span> <span class='ocrx_word' id='word_1_21' title='bbox 1824 839 2072 895; x_wconf 88' lang='lat' dir='ltr'>dominus</span> <span class='ocrx_word' id='word_1_22' title='bbox 2107 859 2257 900; x_wconf 82' lang='lat' dir='ltr'>suus</span> 
     </span>
     <span class='ocr_line' id='line_1_6' title="bbox 509 930 2253 1015; baseline 0 -16"><span class='ocrx_word' id='word_1_23' title='bbox 509 961 713 999; x_wconf 92' lang='lat' dir='ltr'>cornua</span> <span class='ocrx_word' id='word_1_24' title='bbox 756 943 884 999; x_wconf 90' lang='lat' dir='ltr'>secit</span> <span class='ocrx_word' id='word_1_25' title='bbox 927 930 1187 997; x_wconf 80' lang='lat' dir='ltr'>abscindi.</span> <span class='ocrx_word' id='word_1_26' title='bbox 1250 940 1351 1008; x_wconf 79' lang='lat' dir='ltr'>Qui</span> <span class='ocrx_word' id='word_1_27' title='bbox 1399 942 1744 1015; x_wconf 85' lang='lat' dir='ltr'>postmodum</span> <span class='ocrx_word' id='word_1_28' title='bbox 1789 957 1944 997; x_wconf 87' lang='lat' dir='ltr'>arare</span> <span class='ocrx_word' id='word_1_29' title='bbox 1995 938 2253 1006; x_wconf 80' lang='lat' dir='ltr'>coactus,</span> 
     </span>
     <span class='ocr_line' id='line_1_7' title="bbox 513 1043 2254 1116; baseline 0.001 -16"><span class='ocrx_word' id='word_1_30' title='bbox 513 1061 632 1101; x_wconf 89' lang='lat' dir='ltr'>cum</span> <span class='ocrx_word' id='word_1_31' title='bbox 666 1043 924 1099; x_wconf 90' lang='lat' dir='ltr'>cornibus</span> <span class='ocrx_word' id='word_1_32' title='bbox 954 1059 1151 1099; x_wconf 88' lang='lat' dir='ltr'>nocere</span> <span class='ocrx_word' id='word_1_33' title='bbox 1181 1060 1289 1098; x_wconf 92' lang='lat' dir='ltr'>non</span> <span class='ocrx_word' id='word_1_34' title='bbox 1322 1050 1539 1115; x_wconf 88' lang='lat' dir='ltr'>posset,</span> <span class='ocrx_word' id='word_1_35' title='bbox 1583 1044 1866 1116; x_wconf 91' lang='lat' dir='ltr'>puluerem</span> <span class='ocrx_word' id='word_1_36' title='bbox 1900 1051 1952 1098; x_wconf 90' lang='lat' dir='ltr'>et</span> <span class='ocrx_word' id='word_1_37' title='bbox 1983 1045 2254 1101; x_wconf 81' lang='lat' dir='ltr'>harenam</span> 
     </span>
     <span class='ocr_line' id='line_1_8' title="bbox 511 1145 2254 1221; baseline 0.001 -20"><span class='ocrx_word' id='word_1_38' title='bbox 511 1146 739 1221; x_wconf 87' lang='lat' dir='ltr'>pedibus</span> <span class='ocrx_word' id='word_1_39' title='bbox 784 1145 1131 1202; x_wconf 79' lang='lat' dir='ltr'>recalcitrans</span> <span class='ocrx_word' id='word_1_40' title='bbox 1176 1146 1375 1218; x_wconf 84' lang='lat' dir='ltr'>sparsit</span> <span class='ocrx_word' id='word_1_41' title='bbox 1417 1146 1471 1200; x_wconf 95' lang='lat' dir='ltr'>in</span> <span class='ocrx_word' id='word_1_42' title='bbox 1518 1145 1707 1200; x_wconf 89' lang='lat' dir='ltr'>oculos</span> <span class='ocrx_word' id='word_1_43' title='bbox 1761 1147 1951 1201; x_wconf 82' lang='lat' dir='ltr'>rustici</span> <span class='ocrx_word' id='word_1_44' title='bbox 2000 1155 2254 1202; x_wconf 87' lang='lat' dir='ltr'>aratrum</span> 
     </span>
     <span class='ocr_line' id='line_1_9' title="bbox 511 1245 2255 1322; baseline 0.002 -20"><span class='ocrx_word' id='word_1_45' title='bbox 511 1249 864 1321; x_wconf 90' lang='lat' dir='ltr'>insequentis.</span> <span class='ocrx_word' id='word_1_46' title='bbox 925 1246 1023 1315; x_wconf 83' lang='lat' dir='ltr'>Qui</span> <span class='ocrx_word' id='word_1_47' title='bbox 1071 1249 1174 1303; x_wconf 88' lang='lat' dir='ltr'>ait:</span> <span class='ocrx_word' id='word_1_48' title='bbox 1221 1245 1239 1273; x_wconf 71' lang='lat'><em>‘</em></span> <span class='ocrx_word' id='word_1_49' title='bbox 1264 1248 1394 1302; x_wconf 85' lang='lat' dir='ltr'>haec</span> <span class='ocrx_word' id='word_1_50' title='bbox 1425 1262 1554 1301; x_wconf 88' lang='lat' dir='ltr'>uere</span> <span class='ocrx_word' id='word_1_51' title='bbox 1585 1255 1670 1302; x_wconf 90' lang='lat' dir='ltr'>est</span> <span class='ocrx_word' id='word_1_52' title='bbox 1700 1255 1894 1303; x_wconf 87' lang='lat' dir='ltr'>natura</span> <span class='ocrx_word' id='word_1_53' title='bbox 1925 1249 2128 1322; x_wconf 88' lang='lat' dir='ltr'>iniqui,</span> <span class='ocrx_word' id='word_1_54' title='bbox 2161 1259 2255 1312; x_wconf 89' lang='lat' dir='ltr'>ut,</span> 
     </span>
     <span class='ocr_line' id='line_1_10' title="bbox 509 1349 2256 1424; baseline 0.001 -18"><span class='ocrx_word' id='word_1_55' title='bbox 509 1367 630 1407; x_wconf 87' lang='lat' dir='ltr'>cum</span> <span class='ocrx_word' id='word_1_56' title='bbox 675 1367 737 1407; x_wconf 87' lang='lat' dir='ltr'>ex</span> <span class='ocrx_word' id='word_1_57' title='bbox 768 1368 873 1406; x_wconf 93' lang='lat' dir='ltr'>una</span> <span class='ocrx_word' id='word_1_58' title='bbox 904 1358 1057 1423; x_wconf 88' lang='lat' dir='ltr'>parte</span> <span class='ocrx_word' id='word_1_59' title='bbox 1091 1351 1257 1405; x_wconf 81' lang='lat' dir='ltr'>l&#39;uerit</span> <span class='ocrx_word' id='word_1_60' title='bbox 1288 1357 1596 1412; x_wconf 86' lang='lat' dir='ltr'>coartatus,</span> <span class='ocrx_word' id='word_1_61' title='bbox 1643 1365 1704 1404; x_wconf 83' lang='lat' dir='ltr'>ex</span> <span class='ocrx_word' id='word_1_62' title='bbox 1734 1349 2046 1423; x_wconf 54' lang='lat' dir='ltr'>parte*alia&#39;</span> <span class='ocrx_word' id='word_1_63' title='bbox 2073 1361 2256 1424; x_wconf 86' lang='lat' dir='ltr'>prout</span> 
     </span>
     <span class='ocr_line' id='line_1_11' title="bbox 510 1451 1470 1526; baseline -0.003 -18"><span class='ocrx_word' id='word_1_64' title='bbox 510 1460 694 1526; x_wconf 93' lang='lat' dir='ltr'>potest</span> <span class='ocrx_word' id='word_1_65' title='bbox 727 1468 784 1507; x_wconf 91' lang='grc'>30</span> <span class='ocrx_word' id='word_1_66' title='bbox 816 1452 1091 1508; x_wconf 87' lang='lat' dir='ltr'>exerat·ad</span> <span class='ocrx_word' id='word_1_67' title='bbox 1121 1451 1470 1508; x_wconf 86' lang='lat' dir='ltr'>nocendum.’</span> 
     </span>
    </p>
   </div>
   <div class='ocr_carea' id='block_1_5' title="bbox 1186 1765 1553 1832">
    <p class='ocr_par' dir='ltr' id='par_1_5' title="bbox 1186 1765 1553 1832">
     <span class='ocr_line' id='line_1_12' title="bbox 1186 1765 1553 1832; baseline -0.003 -2"><span class='ocrx_word' id='word_1_68' title='bbox 1186 1765 1553 1832; x_wconf 91' lang='lat' dir='ltr'><strong>XXVIIII.</strong></span> 
     </span>
    </p>
   </div>
   <div class='ocr_carea' id='block_1_6' title="bbox 515 1939 2253 2509">
    <p class='ocr_par' dir='ltr' id='par_1_6' title="bbox 515 1939 2253 2509">
     <span class='ocr_line' id='line_1_13' title="bbox 641 1939 2251 2019; baseline 0.002 -19"><span class='ocrx_word' id='word_1_69' title='bbox 641 1946 866 2019; x_wconf 82' lang='lat' dir='ltr'>Satyrus</span> <span class='ocrx_word' id='word_1_70' title='bbox 926 1939 1141 2019; x_wconf 88' lang='lat' dir='ltr'>quidam</span> <span class='ocrx_word' id='word_1_71' title='bbox 1201 1944 1536 2000; x_wconf 88' lang='lat' dir='ltr'>deficientem</span> <span class='ocrx_word' id='word_1_72' title='bbox 1599 1943 1804 2015; x_wconf 80' lang='lat' dir='ltr'>frigore</span> <span class='ocrx_word' id='word_1_73' title='bbox 1863 1948 2128 2002; x_wconf 87' lang='lat' dir='ltr'>uiatorem</span> <span class='ocrx_word' id='word_1_74' title='bbox 2187 1949 2251 2004; x_wconf 89' lang='lat' dir='ltr'>in</span> 
     </span>
     <span class='ocr_line' id='line_1_14' title="bbox 516 2048 2253 2123; baseline 0.003 -23"><span class='ocrx_word' id='word_1_75' title='bbox 516 2063 666 2101; x_wconf 92' lang='lat' dir='ltr'>suam</span> <span class='ocrx_word' id='word_1_76' title='bbox 711 2048 915 2119; x_wconf 89' lang='lat' dir='ltr'>recepit</span> <span class='ocrx_word' id='word_1_77' title='bbox 947 2048 1256 2119; x_wconf 87' lang='lat' dir='ltr'>speluncam</span> <span class='ocrx_word' id='word_1_78' title='bbox 1278 2090 1290 2109; x_wconf 93' lang='lat'>,</span> <span class='ocrx_word' id='word_1_79' title='bbox 1336 2053 1541 2104; x_wconf 90' lang='lat' dir='ltr'>attente</span> <span class='ocrx_word' id='word_1_80' title='bbox 1583 2049 1925 2120; x_wconf 82' lang='lat' dir='ltr'>conspiciens</span> <span class='ocrx_word' id='word_1_81' title='bbox 1957 2049 2102 2123; x_wconf 88' lang='lat' dir='ltr'>quod</span> <span class='ocrx_word' id='word_1_82' title='bbox 2134 2066 2253 2105; x_wconf 88' lang='lat' dir='ltr'>ma·-</span> 
     </span>
     <span class='ocr_line' id='line_1_15' title="bbox 515 2147 2250 2221; baseline 0.005 -20"><span class='ocrx_word' id='word_1_83' title='bbox 515 2165 617 2202; x_wconf 91' lang='lat' dir='ltr'>nus</span> <span class='ocrx_word' id='word_1_84' title='bbox 669 2147 792 2219; x_wconf 82' lang='lat' dir='ltr'>gelu</span> <span class='ocrx_word' id='word_1_85' title='bbox 849 2155 1124 2221; x_wconf 88' lang='lat' dir='ltr'>torpentes</span> <span class='ocrx_word' id='word_1_86' title='bbox 1177 2148 1446 2205; x_wconf 90' lang='lat' dir='ltr'>anhelitus</span> <span class='ocrx_word' id='word_1_87' title='bbox 1500 2149 1629 2204; x_wconf 84' lang='lat' dir='ltr'>{latu</span> <span class='ocrx_word' id='word_1_88' title='bbox 1688 2150 2023 2207; x_wconf 78' lang='lat' dir='ltr'>calefaceret.</span> <span class='ocrx_word' id='word_1_89' title='bbox 2096 2152 2250 2209; x_wconf 90' lang='lat' dir='ltr'>Cibis</span> 
     </span>
     <span class='ocr_line' id='line_1_16' title="bbox 519 2249 2246 2326; baseline 0.004 -23"><span class='ocrx_word' id='word_1_90' title='bbox 519 2265 639 2305; x_wconf 90' lang='lat' dir='ltr'>eum</span> <span class='ocrx_word' id='word_1_91' title='bbox 671 2249 861 2305; x_wconf 80' lang='lat' dir='ltr'>refecit</span> <span class='ocrx_word' id='word_1_92' title='bbox 893 2251 1240 2307; x_wconf 90' lang='lat' dir='ltr'>siluestribus</span> <span class='ocrx_word' id='word_1_93' title='bbox 1273 2259 1326 2305; x_wconf 90' lang='lat' dir='ltr'>et</span> <span class='ocrx_word' id='word_1_94' title='bbox 1358 2249 1584 2306; x_wconf 84' lang='lat' dir='ltr'>calidum</span> <span class='ocrx_word' id='word_1_95' title='bbox 1618 2253 1859 2324; x_wconf 87' lang='lat' dir='ltr'>porrexit</span> <span class='ocrx_word' id='word_1_96' title='bbox 1883 2253 2246 2326; x_wconf 89' lang='lat' dir='ltr'>pulmentum.</span> 
     </span>
     <span class='ocr_line' id='line_1_17' title="bbox 515 2351 2251 2425; baseline 0.003 -19"><span class='ocrx_word' id='word_1_97' title='bbox 515 2351 676 2407; x_wconf 85' lang='lat' dir='ltr'>Cuius</span> <span class='ocrx_word' id='word_1_98' title='bbox 708 2352 798 2407; x_wconf 89' lang='lat' dir='ltr'>ille</span> <span class='ocrx_word' id='word_1_99' title='bbox 829 2352 1024 2408; x_wconf 91' lang='lat' dir='ltr'>uolens</span> <span class='ocrx_word' id='word_1_100' title='bbox 1067 2355 1314 2425; x_wconf 85' lang='lat' dir='ltr'>mitigare</span> <span class='ocrx_word' id='word_1_101' title='bbox 1345 2353 1575 2408; x_wconf 87' lang='lat' dir='ltr'>calorem</span> <span class='ocrx_word' id='word_1_102' title='bbox 1597 2395 1611 2414; x_wconf 91' lang='lat'>,</span> <span class='ocrx_word' id='word_1_103' title='bbox 1657 2356 1854 2409; x_wconf 89' lang='lat' dir='ltr'>iterum</span> <span class='ocrx_word' id='word_1_104' title='bbox 1885 2354 2131 2411; x_wconf 87' lang='lat' dir='ltr'>crebrius</span> <span class='ocrx_word' id='word_1_105' title='bbox 2163 2359 2251 2412; x_wconf 92' lang='lat' dir='ltr'>in-</span> 
     </span>
     <span class='ocr_line' id='line_1_18' title="bbox 516 2453 774 2509; baseline -0.004 -1"><span class='ocrx_word' id='word_1_106' title='bbox 516 2453 774 2509; x_wconf 82' lang='lat' dir='ltr'>susssauit.</span> 
     </span>
    </p>
   </div>
   <div class='ocr_carea' id='block_1_7' title="bbox 600 2605 2087 3193">
    <p class='ocr_par' dir='ltr' id='par_1_7' title="bbox 601 2605 1989 2781">
     <span class='ocr_line' id='line_1_19' title="bbox 601 2605 1989 2690; baseline 0.004 -29"><span class='ocrx_word' id='word_1_107' title='bbox 601 2605 893 2680; x_wconf 87' lang='lat' dir='ltr'>Obstupuit</span> <span class='ocrx_word' id='word_1_108' title='bbox 923 2606 1123 2681; x_wconf 86' lang='lat' dir='ltr'>duplici</span> <span class='ocrx_word' id='word_1_109' title='bbox 1153 2614 1399 2690; x_wconf 61' lang='lat' dir='ltr'>monstro</span> <span class='ocrx_word' id='word_1_110' title='bbox 1433 2611 1759 2681; x_wconf 85' lang='lat' dir='ltr'>perterritus</span> <span class='ocrx_word' id='word_1_111' title='bbox 1790 2610 1989 2684; x_wconf 86' lang='lat' dir='ltr'>hospes</span> 
     </span>
     <span class='ocr_line' id='line_1_20' title="bbox 686 2707 1789 2781; baseline 0.005 -20"><span class='ocrx_word' id='word_1_112' title='bbox 686 2707 1074 2781; x_wconf 83' lang='lat' dir='ltr'>expulsumque</span> <span class='ocrx_word' id='word_1_113' title='bbox 1106 2708 1227 2763; x_wconf 84' lang='lat' dir='ltr'>inde</span> <span class='ocrx_word' id='word_1_114' title='bbox 1261 2708 1482 2781; x_wconf 84' lang='lat' dir='ltr'>longius</span> <span class='ocrx_word' id='word_1_115' title='bbox 1513 2713 1592 2765; x_wconf 91' lang='lat' dir='ltr'>ire</span> <span class='ocrx_word' id='word_1_116' title='bbox 1625 2710 1789 2766; x_wconf 86' lang='lat' dir='ltr'>iubet.</span> 
     </span>
    </p>

    <p class='ocr_par' dir='ltr' id='par_1_8' title="bbox 600 2808 2087 2986">
     <span class='ocr_line' id='line_1_21' title="bbox 600 2808 2087 2883; baseline 0.003 -19"><span class='ocrx_word' id='word_1_117' title='bbox 600 2808 798 2866; x_wconf 72' lang='lat' dir='ltr'>‘nolo&#39;</span> <span class='ocrx_word' id='word_1_118' title='bbox 832 2811 905 2866; x_wconf 89' lang='lat' dir='ltr'>ait</span> <span class='ocrx_word' id='word_1_119' title='bbox 936 2809 1030 2865; x_wconf 74' lang='lat' dir='ltr'>‘ut</span> <span class='ocrx_word' id='word_1_120' title='bbox 1058 2811 1265 2864; x_wconf 89' lang='lat' dir='ltr'>nostris</span> <span class='ocrx_word' id='word_1_121' title='bbox 1296 2828 1531 2883; x_wconf 84' lang='lat' dir='ltr'>unquam</span> <span class='ocrx_word' id='word_1_122' title='bbox 1565 2814 1888 2868; x_wconf 89' lang='lat' dir='ltr'>successerit</span> <span class='ocrx_word' id='word_1_123' title='bbox 1918 2815 2087 2869; x_wconf 86' lang='lat' dir='ltr'>antris</span> 
     </span>
     <span class='ocr_line' id='line_1_22' title="bbox 686 2912 1838 2986; baseline 0.002 -18"><span class='ocrx_word' id='word_1_124' title='bbox 686 2922 792 2969; x_wconf 88' lang='lat' dir='ltr'>tam</span> <span class='ocrx_word' id='word_1_125' title='bbox 824 2913 929 2968; x_wconf 87' lang='lat' dir='ltr'>duo</span> <span class='ocrx_word' id='word_1_126' title='bbox 962 2912 1175 2967; x_wconf 86' lang='lat' dir='ltr'>diuersa</span> <span class='ocrx_word' id='word_1_127' title='bbox 1207 2913 1300 2985; x_wconf 86' lang='lat' dir='ltr'>qui</span> <span class='ocrx_word' id='word_1_128' title='bbox 1334 2913 1492 2968; x_wconf 85' lang='lat' dir='ltr'>simul</span> <span class='ocrx_word' id='word_1_129' title='bbox 1524 2930 1620 2969; x_wconf 89' lang='lat' dir='ltr'>ore</span> <span class='ocrx_word' id='word_1_130' title='bbox 1652 2913 1838 2986; x_wconf 68' lang='lat' dir='ltr'>gerit.⁹</span> 
     </span>
    </p>

    <p class='ocr_par' dir='ltr' id='par_1_9' title="bbox 600 3014 2057 3193">
     <span class='ocr_line' id='line_1_23' title="bbox 600 3014 2057 3092; baseline 0.003 -22"><span class='ocrx_word' id='word_1_131' title='bbox 600 3014 702 3083; x_wconf 85' lang='lat' dir='ltr'>Qui</span> <span class='ocrx_word' id='word_1_132' title='bbox 730 3015 865 3070; x_wconf 89' lang='lat' dir='ltr'>bene</span> <span class='ocrx_word' id='word_1_133' title='bbox 895 3014 1245 3089; x_wconf 86' lang='lat' dir='ltr'>proloquitur</span> <span class='ocrx_word' id='word_1_134' title='bbox 1273 3032 1453 3071; x_wconf 87' lang='lat' dir='ltr'>coram</span> <span class='ocrx_word' id='word_1_135' title='bbox 1487 3017 1581 3071; x_wconf 87' lang='lat' dir='ltr'>sed</span> <span class='ocrx_word' id='word_1_136' title='bbox 1610 3025 1737 3090; x_wconf 90' lang='lat' dir='ltr'>post</span> <span class='ocrx_word' id='word_1_137' title='bbox 1768 3034 1829 3073; x_wconf 91' lang='lat' dir='ltr'>ea</span> <span class='ocrx_word' id='word_1_138' title='bbox 1859 3036 2057 3092; x_wconf 80' lang='lat' dir='ltr'>praue,</span> 
     </span>
     <span class='ocr_line' id='line_1_24' title="bbox 686 3115 1838 3193; baseline 0.003 -21"><span class='ocrx_word' id='word_1_139' title='bbox 686 3118 773 3174; x_wconf 87' lang='lat' dir='ltr'>hic</span> <span class='ocrx_word' id='word_1_140' title='bbox 804 3119 906 3174; x_wconf 87' lang='lat' dir='ltr'>erit</span> <span class='ocrx_word' id='word_1_141' title='bbox 936 3118 1176 3179; x_wconf 86' lang='lat' dir='ltr'>inuisus,</span> <span class='ocrx_word' id='word_1_142' title='bbox 1207 3115 1332 3174; x_wconf 86' lang='lat' dir='ltr'>bina</span> <span class='ocrx_word' id='word_1_143' title='bbox 1364 3119 1509 3193; x_wconf 87' lang='lat' dir='ltr'>quod</span> <span class='ocrx_word' id='word_1_144' title='bbox 1540 3137 1636 3175; x_wconf 83' lang='lat' dir='ltr'>ora</span> <span class='ocrx_word' id='word_1_145' title='bbox 1667 3128 1838 3193; x_wconf 80' lang='lat' dir='ltr'>gerat.</span> 
     </span>
    </p>
   </div>
  </div>
 </body>
</html>
