2502 3620
1108 870 1164 936 Ι.

278 1015 503 1071 Vincere
535 1031 672 1088 quos
703 1013 842 1069 lenis
872 1015 1062 1087 nequit
1092 1013 1427 1074 exhortatio,
1459 1013 1628 1067 uincit

367 1124 570 1173 terror:
616 1132 768 1171 amor
797 1117 976 1170 minus
1006 1123 1091 1170 est
1123 1130 1281 1188 saepe
1312 1116 1506 1170 timore
1535 1120 1746 1187 potens.

277 1217 540 1273 Excessus
573 1225 722 1274 arcet
752 1216 991 1291 pueriles
1021 1232 1226 1290 poena,
1260 1218 1510 1271 timorem

364 1322 578 1394 saepius
609 1320 873 1375 inducunt
902 1317 1162 1379 uerbera,
1197 1334 1358 1392 saepe
1388 1319 1579 1374 minae.

276 1421 412 1477 Hinc
441 1430 524 1477 est
555 1422 727 1495 quod,
760 1420 932 1496 prolis
962 1419 1209 1476 lacrimas
1242 1427 1434 1494 optans
1466 1419 1746 1481 cohihere,

361 1531 533 1580 mater
564 1539 679 1580 eam
711 1524 886 1579 fertur
917 1523 1250 1595 corripuisse
1280 1523 1457 1604 minis,

275 1625 465 1682 Natum
499 1626 688 1681 deinde
718 1625 833 1699 lupi
867 1641 926 1680 se
956 1624 1203 1681 faucibus
1234 1640 1354 1680 esse
1384 1624 1627 1679 daturam

360 1730 620 1784 asseruit:
666 1730 863 1783 mentis
896 1729 1129 1801 impetus
1161 1728 1268 1782 iste
1299 1726 1417 1781 fuit.

274 1829 339 1885 Et
371 1837 548 1885 tamen
581 1833 772 1887 iratam
804 1833 979 1905 pietas
1012 1848 1070 1886 se
1102 1829 1307 1901 fingere
1338 1830 1521 1892 nouit;

360 1934 494 1989 iram
526 1933 653 1987 dum
687 1933 931 1993 simulat,
964 1939 1186 2006 pectore
1218 1937 1411 2003 regnat
1441 1947 1608 1986 amor.

276 2034 463 2091 Stabat
493 2037 546 2090 in
578 2035 788 2090 insidiis
819 2033 1006 2109 lupuS,
1040 2050 1224 2091 aurem
1256 2033 1387 2089 dans
1418 2032 1662 2088 mulieris

358 2136 557 2216 uerho;
593 2155 689 2211 spe
720 2137 875 2193 lusus
906 2136 1101 2209 gaudia
1135 2154 1273 2193 uana
1305 2136 1474 2192 fouet.

272 2238 433 2313 Spem
463 2239 695 2313 praedae
727 2246 928 2295 certam
961 2256 1019 2294 se
1049 2238 1224 2294 iudice
1255 2240 1522 2311 concipit,
1553 2237 1746 2293 ardens

359 2341 542 2398 fauces
576 2343 778 2415 optatis
809 2348 1098 2415 praeparat
1128 2340 1219 2396 ille
1249 2340 1400 2397 cibis,

1932 2138 1994 2188 12

408 2574 456 2624 G
491 2577 677 2627 codem.
722 2600 776 2608 —
827 2575 1036 2625 Titulum
1082 2576 1194 2638 ipse
1240 2576 1512 2638 conposui,
1557 2590 1665 2623 cum
1710 2578 1763 2623 in
1808 2575 1999 2624 codicis

265 2661 360 2725 fol.
399 2658 525 2710 189u
563 2664 791 2723 legatur:
839 2659 1062 2723 ‘Incipit
1100 2659 1244 2709 liber
1277 2658 1536 2723 Magistri
1569 2657 1869 2709 Alexandri
1905 2675 1995 2709 ca-

271 2745 458 2795 nonici
485 2744 830 2808 Cyrecestrie
858 2746 950 2809 qui
986 2743 1309 2794 inscribitur
1332 2743 1454 2794 laus
1480 2743 1762 2808 sapiencie
1789 2741 1993 2794 diuine'

272 2836 321 2878 et
358 2832 535 2879 iterum
559 2832 610 2878 in
639 2829 735 2893 fol.
762 2827 899 2878 238Γ
948 2829 1238 2893 ‘magister
1274 2828 1572 2879 alexander
1617 2827 1891 2894 nequam'.
1930 2856 1995 2863 —-

275 2915 511 2964 ‘Nouum
553 2911 844 2964 Auianum’
881 2914 945 2963 ab
981 2930 1040 2964 eo
1077 2916 1417 2978 conscriptum
1445 2913 1630 2977 fuisse,
1667 2915 1765 2963 iam
1794 2914 1997 2977 pridem

270 3014 342 3048 eoe
387 2998 560 3049 Baleo
618 2999 971 3064 (scriptorum
1027 2998 1322 3049 illustrium
1379 2998 1604 3062 majoris
1655 2990 1997 3061 Brytannide

274 3083 580 3149 catalogus,
623 3087 765 3135 cent.
808 3084 906 3135 ΠΙ.
946 3081 1012 3132 86
1048 3100 1100 3148 p.
1130 3084 1246 3136 27⁶2.
1305 3085 1435 3134 Vide
1461 3084 1761 3148 Leyserum
1794 3100 1849 3148 p.
1876 3079 1998 3141 992)

271 3186 586 3222 ueneramus,
629 3197 690 3205 -—-
729 3170 754 3218 1
795 3169 818 3218 l
859 3168 1061 3236 nequid
1098 3168 1162 3223 G.

1562 3251 1693 3322 323*
