2502 3620
512 134 620 180 ῙῙΙῘ
1193 141 1545 182 PRAEFATIO

513 291 669 349 inter
726 309 874 369 quae
932 291 1140 349 Auiani
1180 289 1410 349 fabulae
1454 290 1588 349 solia
1632 295 1879 357 52—58
1923 298 2228 370 occupant,

513 401 593 459 ita
637 407 830 477 tamen
863 407 925 459 ut
955 397 1335 479 conpluribus
1375 400 1733 460 membranis
1765 401 2083 480 deperditis
2113 403 2227 460 iam

514 528 703 589 neque
733 512 963 570 initium
996 508 1276 589 epistulae
1307 518 1605 591 superstes
1636 512 1737 581 sit,
1773 530 1961 590 neque
1992 511 2228 590 quibus-

514 640 644 681 cum
688 620 815 680 aliis
847 620 1232 701 scriptoribus
1265 620 1402 680 olim
1446 623 1696 680 sociatus
1736 622 1913 681 fuerit
1945 621 2036 681 uel
2069 623 2228 680 coni-

513 731 720 791 ciendo
781 731 1085 791 diiudicari
1144 733 1346 810 possit.
1420 731 1482 791 Id
1538 739 1761 792 tantum
1805 734 2106 812 perspexi,
2169 735 2229 792 in

511 841 712 902 ultima
765 844 976 921 pagina
1031 841 1354 901 uersiculos
1393 841 1522 901 illos
1581 842 1688 902 ‘de
1732 842 2040 902 duodecim
2084 842 2228 901 caeli

511 954 727 1030 signis'
792 954 1171 1012 concinnatos
1240 953 1557 1022 exstitisse,
1632 971 1877 1032 quarum
1938 954 2225 1031 scriptura

511 1061 787 1142 scalpello
831 1062 1273 1140 diligentissime
1319 1081 1484 1122 erasa
1515 1063 1661 1122 adeo
1693 1065 1959 1133 euanuit,
2005 1071 2068 1123 ut
2106 1064 2227 1142 pri-

511 1174 803 1234 mordium
863 1173 1126 1252 quidem:
1190 1176 1452 1249 ‘primus
1494 1176 1663 1233 adest
1704 1177 1864 1234 aries
1909 1181 2229 1247 taurusque

509 1281 834 1358 insz'ynibus
881 1300 1031 1343 auro
1077 1285 1362 1373 Cornibus
1409 1286 1559 1344 ....'
1614 1285 1975 1363 expiscarer,
2033 1292 2226 1343 cetera

510 1393 745 1454 aliunde
788 1395 927 1454 satis
970 1395 1203 1472 cognita
1247 1393 1639 1472 neglegerem.
1704 1395 1978 1473 Sequitur
2011 1396 2104 1453 cui
2134 1393 2225 1453 lit-

510 1513 697 1565 teram
731 1502 782 1564 P
808 1503 994 1564 indidi
1037 1504 1221 1564 codex
1266 1504 1535 1564 coenobii
1577 1506 1785 1566 Sancti
1825 1506 2109 1564 Germani
2146 1506 2232 1563 ad

508 1618 698 1676 Prata
760 1620 951 1684 1188,
1013 1614 1151 1675 olim
1212 1633 1460 1685 numero
1513 1621 1635 1680 540
1681 1622 1940 1685 notatus,
2002 1616 2225 1675 formae

510 1727 749 1786 maioris
807 1725 957 1785 liber
1028 1723 1359 1806 multosque
1427 1724 1728 1786 latinitatis
1787 1725 2226 1786 deflorescentis

509 1857 640 1897 cum
682 1845 884 1916 poetas
925 1845 1048 1897 tum
1091 1840 1304 1897 artium
1360 1840 1677 1917 scriptores
1718 1840 2052 1907 continenS,
2098 1839 2225 1897 uni-

506 1968 712 2008 uersos
748 1967 933 2028 aequo
966 1948 1351 2008 inconsultius
1380 1950 1740 2028 perscriptos
1772 1956 1829 2008 et
1858 1950 2125 2028 quamuis
2155 1966 2225 2007 ex

508 2061 729 2137 optimo
762 2059 1083 2138 exemplari
1114 2059 1425 2118 defluxisse
1467 2059 1809 2130 uideantur,
1852 2060 1994 2119 haut
2025 2060 2226 2138 paucis

506 2168 650 2230 locis
693 2171 951 2248 grauiter
1006 2168 1389 2229 exulceratos
1452 2169 1547 2236 Ita
1590 2171 1797 2230 Auiani
1849 2168 2222 2238 carminibuS,

506 2299 655 2359 quae
685 2282 746 2339 in
779 2280 932 2340 foliis
965 2284 1214 2347 78—84
1245 2279 1539 2357 leguntur,
1573 2279 1806 2340 fabulae
1838 2286 1937 2350 40,
1972 2287 2009 2346 5
2042 2299 2224 2359 usque

506 2390 580 2450 ad
612 2397 866 2461 41:14,
898 2390 1219 2450 identidem
1251 2408 1459 2450 uersus
1490 2395 1545 2460 2,
1580 2396 1637 2457 6.
1671 2397 1726 2460 4,
1760 2395 1818 2455 2.
1853 2395 1918 2460 9,
1957 2395 2221 2456 18—21.

506 2506 618 2571 10,
655 2506 751 2566 12.
808 2505 918 2572 29,
955 2508 1010 2566 7.
1057 2507 1165 2571 31,
1199 2505 1426 2567 9—11.
1479 2506 1589 2570 34,
1623 2505 1704 2565 20
1745 2499 1841 2560 uel
1884 2500 2224 2560 membrana

506 2619 757 2671 exeunte
787 2610 882 2671 uel
910 2612 971 2670 in
1003 2610 1195 2671 media
1225 2612 1439 2690 pagina
1470 2612 1670 2670 omissi
1702 2612 1941 2680 desunt;
1975 2613 2224 2690 scriptu-

503 2739 605 2780 rae
636 2739 780 2781 uero
812 2729 871 2780 et
899 2722 1167 2800 inprimis
1199 2723 1654 2801 orthographiae
1686 2740 1870 2800 genus
1901 2723 2223 2782 certissima

503 2833 732 2892 ratione
763 2830 998 2902 indicat,
1032 2834 1094 2892 in
1123 2834 1249 2911 ipsa
1274 2834 1473 2893 Sancti
1498 2833 1775 2893 Germani
1807 2831 1951 2892 cella
1984 2834 2223 2911 eiusque

504 2941 923 3022 discipulorum
955 2944 1026 3010 ‚in
1078 2962 1246 3003 usum
1291 2943 1426 3002 olim
1474 2941 1686 3002 librum
1719 2944 1877 3003 hunc
1923 2920 2220 3003 exaratum

502 3053 698 3113 fuisse.
766 3053 1049 3124 Quocirca
1094 3054 1355 3133 quisquis
1396 3054 1663 3113 criticum
1711 3072 1906 3113 meum
1952 3054 2223 3133 inspiciet

500 3165 985 3234 instrumentum,
1032 3163 1227 3223 dedita
1259 3181 1439 3243 opera
1470 3181 1682 3224 cauere
1714 3162 1980 3234 debebit,
2017 3182 2088 3223 ne
2120 3182 2221 3223 an-
