2502 3620
474 139 523 183 X
1165 146 1516 187 PRAEFATIO
1568 145 1575 152 ·

474 294 768 371 farragine
812 296 1085 372 exiguum
1140 313 1248 373 ego
1294 294 1584 355 delectum
1636 294 1856 356 habere
1907 314 2080 374 quam
2123 296 2187 354 in

473 404 585 463 hac
606 422 807 463 rerum
826 403 1202 482 ambiguitate
1227 407 1469 467 summis
1490 407 1689 465 infima
1712 407 1960 465 miscere
1985 403 2184 464 malui.

606 514 689 574 De
719 511 1044 575 minoribus
1075 514 1436 576 recensionis
1465 533 1631 576 meae
1661 502 1889 576 auxiliis
1919 532 2023 575 suo
2054 514 2186 575 loco

475 632 532 684 et
573 643 680 703 pro
724 627 810 684 rei
852 627 1201 686 necessitate
1241 626 1503 685 tractaui.
1557 625 1628 684 Vt
1669 644 1742 684 ne
1785 625 1923 705 quid
1966 624 2059 685 uel
2102 624 2187 684 le-

472 736 694 794 uissimi
724 737 1007 795 momenti
1048 735 1508 805 desideraretur,
1571 735 1921 814 interpolata
1953 755 2185 815 quoque

474 844 719 905 disticha
751 851 1033 925 quotquot
1056 845 1563 924 deprehenderam
1585 845 1857 906 subiunxi
1880 853 1937 905 et
1964 847 2183 906 instru-

474 962 671 1015 mento
716 973 820 1027 suo
865 957 1067 1015 critico
1104 957 1403 1044 exornaui.
1472 956 1538 1015 In
1572 954 1673 1015 illo
1703 954 1757 1015 V
1789 956 1983 1016 littera
2027 946 2185 1016 codi-

474 1084 601 1125 cem
646 1067 845 1126 Sancti
873 1064 1119 1125 Victoris
1151 1073 1186 1130 7
1193 1071 1272 1132 56
1305 1065 1649 1142 (membran.
1681 1065 1898 1127 sacculi
1927 1066 2056 1126 XIII
2090 1070 2183 1146 4⁰)

472 1176 786 1253 significat,
819 1177 879 1235 in
911 1178 1074 1236 cuius
1104 1174 1258 1235 soliis
1293 1181 1501 1242 6³—7⁸
1531 1195 1737 1236 uersus
1761 1178 1992 1236 ‘Auiani
2022 1184 2182 1237 uete-

473 1287 576 1344 ris'
606 1290 702 1355 58,
734 1287 971 1346 insiticii
1002 1286 1126 1345 fere
1157 1305 1390 1355 omneS,
1423 1286 1677 1366 indeque
1710 1286 1782 1346 ad
1812 1285 1911 1345 sol.
1943 1284 2019 1353 8¹³
2050 1305 2183 1347 sen·
2289 1350 2293 1354 ,

472 1398 687 1455 tentiae
719 1394 936 1477 aliquot
968 1397 1197 1456 ‘Auiani
1230 1399 1391 1456 noui'
1437 1394 1740 1475 leguntur,
1776 1382 1875 1476 qui
1905 1397 2008 1457 uhi
2038 1396 2180 1456 deli·

471 1514 656 1568 tescat
686 1506 876 1567 adhuc
905 1509 1314 1586 inconpertum
1349 1516 1454 1568 est.
1536 1507 1846 1568 Librorum
1889 1510 2041 1587 typis
2086 1526 2184 1567 ex-

471 1635 810 1696 pressorum
850 1637 1033 1678 unum
1075 1625 1302 1678 tantum
1346 1618 1613 1687 consului
1662 1617 1758 1699 (Z)
1795 1636 2074 1697 cumque,
2123 1626 2188 1681 ut

472 1728 739 1799 uidetur,
787 1730 1047 1789 omnium
1078 1730 1408 1808 principem
1440 1731 1540 1808 qui
1571 1728 1787 1795 ‘uitam
1819 1728 2037 1808 fficium
2081 1740 2187 1810 pet·

471 1838 804 1906 §Riuucium
838 1841 1057 1921 factam
1089 1842 1157 1905 ab
1200 1827 1744 1935 renereubiifimum
1788 1839 2039 1917 {Battem
2084 1841 2187 1905 bo:

471 1950 701 2015 minum
749 1949 1131 2031 anthonium
1177 1950 1345 2017 tituti
1391 1950 1576 2030 functi
1607 1949 1988 2032 OEbtnfogont
2016 1954 2183 2031 pres:

466 2060 728 2126 'bitetunt
780 2060 1222 2131 OEatbincdem',
1269 2070 1408 2167 'tum
1469 2060 1734 2120 Neueleti
1790 2046 2196 2138 Anonymum,

473 2170 696 2232 fabulas
727 2170 945 2251 aliquot
974 2171 1158 2231 soluta
1190 2173 1454 2232 oratione
1486 2172 1863 2249 conscriptaS,
1896 2172 2186 2230 Auianuni

475 2283 553 2360 (in
586 2280 680 2342 fol.
715 2278 984 2360 n3—p‘2),
1029 2280 1328 2341 Adelsonsi
1369 2282 1731 2342 hortationes
1772 2258 2180 2360 conplectitur,

472 2411 688 2452 annum
730 2411 873 2453 uero
917 2400 974 2451 et
1015 2393 1363 2472 typographi
1393 2411 1607 2453 nomen
1640 2368 2005 2471 patriamque
2042 2392 2184 2451 reti-

472 2511 579 2563 cet.
670 2504 920 2574 Deinde,
981 2503 1040 2563 id
1091 2503 1246 2584 quod
1300 2505 1360 2562 in
1415 2510 1571 2563 tanta
1616 2510 1809 2563 textus
1852 2501 2183 2581 corruptela

469 2615 859 2691 praetermitti
902 2633 1020 2674 non
1062 2614 1263 2684 debet,
1307 2615 1650 2693 posterioris
1681 2615 1810 2674 aeui
1853 2615 2185 2673 imitamen-

470 2731 527 2782 ta
568 2723 768 2784 sedulo
814 2726 1136 2803 conquisiui
1178 2744 1357 2804 quae,
1403 2726 1669 2810 quamuis
1712 2723 1960 2783 modesti
2001 2724 2189 2802 precii

472 2835 816 2914 cuicumque
849 2835 1039 2896 obiter
1061 2837 1413 2914 inspectanti
1442 2836 1700 2914 speciem
1731 2833 2069 2913 praebeant,
2103 2841 2187 2892 ta-

472 2963 607 3005 men
639 2964 712 3005 ne
743 2947 872 3024 quis
901 2945 1181 3024 prouidus
1206 2948 1376 3024 parui
1407 2945 1641 3024 pendat.
1703 2945 1804 3015 Ita,
1838 2952 1902 3003 ut
1919 2946 2191 3018 maaistrz·

473 3058 815 3116 Alexandri
849 3058 1145 3131 Nequam,
1191 3058 1460 3117 canonici
1500 3055 2001 3123 Cirecestriensis‚
2056 3071 2183 3112 car-

473 3168 629 3227 mina
670 3168 835 3227 initio
893 3167 1141 3227 sortasse
1200 3166 1420 3226 saeculi
1470 3166 1600 3226 XIII
1653 3166 1985 3242 conscripta
2040 3162 2185 3223 obli·
2259 3211 2266 3222 .
